3164 5214
569 909 716 1002 PARS
753 911 956 1004 PRIOR.

294 1232 298 1245 Ι
341 1170 385 1218 nn
401 1170 549 1218 ronrrus
562 1171 639 1230 oon
654 1174 768 1220 cossio
781 1175 995 1222 rnrnnnrrnr
1009 1175 1181 1224 ornntnus.

690 1424 825 1445 ..Q—-

616 1656 823 1730 vnum*
853 1660 894 1729 1.

561 1865 627 1938 nun
654 1895 743 1937 erres
772 1894 955 1937 scnrrsnnrr.

238 2413 391 2512 Epieum
413 2413 523 2484 fuisse
548 2428 689 2510 poetam
711 2414 875 2486 Cassium
900 2429 1064 2486 nostrum
1089 2415 1215 2488 nullus
1244 2433 1337 2492 reic-

192 2556 274 2603 rurn
307 2529 452 2619 fatetur,
483 2545 518 2625 et
548 2530 643 2602 inter
672 2548 831 2603 recentes
861 2531 1023 2603 homines
1048 2557 1143 2605 nnus
1175 2534 1237 2606 ille
1265 2536 1335 2608 sibi

107 2732 115 2747 .
191 2650 317 2719 Pctrns
340 2647 539 2719 Burmann
560 2646 751 2737 secundus,
769 2647 807 2718 in
830 2647 1045 2744 Anthologin
1068 2649 1178 2720 latina
1194 2650 1263 2747 (l),
1277 2652 1337 2721 vi-

191 2763 276 2833 dere
295 2761 391 2832 risus
413 2777 479 2832 est.
496 2761 589 2854 Qui,
605 2785 720 2856 quum
745 2788 788 2835 ex
809 2761 930 2834 codiee
948 2762 1197 2834 Franelrernno
1210 2764 1265 2860 (2)
1289 2765 1338 2837 ed

193 2901 316 2951 versus
337 2878 474 2949 Horatii
494 2876 539 2949 de
559 2878 681 2950 Cassio
695 2878 878 2950 Parmensi
894 2878 1029 2950 nobiles
1050 2880 1116 2975 (3),
1137 2879 1244 2950 rerba
1262 2881 1337 2952 haec

191 2993 394 3091 glossatoris
412 2993 539 3066 mutila
552 3009 588 3066 et
603 2994 736 3067 variato
752 2992 930 3092 proderet,
947 3022 965 3062 ιι
982 2995 1049 3067 Hic
1071 2994 1251 3092 Epicurus
1267 2997 1337 3069 luit

192 3127 227 3182 et
244 3126 360 3209 poeta,
379 3137 396 3168 o
416 3107 532 3206 legere
550 3108 691 3198 maluit,
714 3137 732 3177 ιι
749 3111 816 3181 Hic
834 3115 958 3208 epirus
975 3109 1044 3182 fuit
1056 3123 1172 3206 poeta.
1191 3139 1210 3179 n
1232 3111 1336 3184 Unde

192 3248 320 3296 novam
341 3224 446 3296 istam
463 3224 647 3296 lectionem
665 3225 799 3298 eruerit
823 3227 1008 3297 Burmann
1025 3225 1130 3322 plane
1147 3248 1211 3296 nos
1230 3226 1335 3323 igno-

192 3366 274 3415 rare
288 3339 521 3430 confitemur3
540 3367 583 3414 ex
602 3341 745 3439 ingenio
759 3341 922 3414 elicuisse
936 3340 1207 3430 crediderimus,
1222 3367 1336 3438 quum

191 3480 297 3530 nemo
312 3479 460 3554 prorsus
471 3456 568 3554 opud
585 3473 718 3530 veteres
730 3457 854 3530 existet
869 3456 934 3554 qui
947 3456 1030 3530 talia
1044 3473 1109 3530 aut
1120 3457 1238 3530 simile
1248 3457 1337 3553 qnid

192 3571 341 3668 posteris
366 3570 588 3644 mandaverit
609 3572 674 3670 (ir).
695 3572 742 3644 At
761 3587 886 3644 contra
913 3571 951 3643 in
977 3587 1148 3670 promptu
1173 3588 1226 3644 est
1249 3571 1339 3668 quid

191 3678 405 3786 Epicurinm
421 3686 515 3760 inter
532 3702 568 3760 et
580 3688 742 3761 Cassium
757 3711 946 3761 commune
970 3687 1155 3759 vinculum
1174 3685 1340 3782 conjunc·

191 3802 298 3875 tionis
318 3801 441 3890 luerit,
455 3827 570 3899 quum
586 3819 637 3877 tot
657 3819 892 3877 numerentur
911 3819 978 3876 ont
996 3803 1113 3901 potius
1128 3804 1340 3895 innumera-

192 3917 642 4017 bilessinteorrnptioriset
653 3920 826 4018 prolapsos
839 3920 906 3991 riri
917 3920 1041 4009 aetatis,
1050 3919 1116 4016 qni
1130 3919 1339 3993 umbratiles

229 4123 265 4193 (i)
284 4127 363 4178 Anii.
376 4128 420 4178 lnl.
432 4132 451 4178 l.
465 4145 484 4187 r,
498 4140 525 4190 p.
540 4127 585 4176 98.

228 4213 265 4279 (ᾖ)
287 4218 323 4266 De
332 4216 419 4266 codice
430 4217 480 4266 linc
488 4217 628 4267 scholiastes
638 4217 763 4266 horstinni
780 4217 967 4280 Franckerono,
979 4217 1021 4267 ci.
1035 4215 1166 4279 Surlngnn
1176 4216 1272 4267 ilistor.
1289 4217 1340 4266 eri-

193 4305 235 4355 tie,
252 4305 378 4356 renotisn.
391 4307 435 4356 lot.
445 4312 508 4368 put.
522 4325 560 4366 ιιι,
573 4320 599 4369 p.
614 4307 746 4368 tiu-155,
760 4308 842 4370 Lugd.
856 4309 941 4358 Beier.
957 4306 1036 4358 1835.

229 4391 265 4456 ὦ)
287 4394 374 4444 Horat.
383 4396 411 4454 Ι,
422 4394 505 4457 notu.
518 4413 553 4459 iv,
567 4395 593 4446 5.

229 4481 264 4547 ri)
283 4482 372 4533 nausii
390 4483 473 4533 iorssn
495 4496 508 4533 o
527 4480 654 4546 niytrno,
677 4485 720 4548 qni
736 4497 795 4535 cunr
813 4479 954 4552 Orpheum
978 4483 1057 4534 cassii
1077 4484 1221 4533 Parmensis
1241 4482 1338 4542 ederet,

193 4565 351 4639 francfort,
368 4572 446 4630 ¹585,
461 4572 654 4634 sicopuseninm
668 4575 814 4637 inscripsit:
831 4592 846 4622 ιι
856 4574 936 4625 Cassii
944 4572 1097 4632 Parmensis,
1112 4577 1191 4636 noctu
1205 4572 1270 4622 inter
1280 4567 1340 4638 epi·

194 4671 238 4708 cos
254 4665 349 4711 veteres
362 4660 457 4723 eximii,
471 4661 595 4724 Orpheus.
613 4679 625 4708 ι
