3164 5214
644 355 820 417 ...15-

151 513 213 569 aut
232 520 302 592 qua
319 519 489 568 sensuum
511 497 548 568 in
567 497 734 569 omnibus
749 475 938 567 insitorum
958 497 1196 595 perversione,
1209 501 1298 597 jou-

139 629 231 686 tore
243 612 343 714 quod
359 636 449 685 mox
463 610 687 684 laudaverat
700 619 736 684 in
753 637 791 684 se
809 609 950 683 dicatur
964 612 1026 685 ille
1042 613 1106 710 qui
1126 637 1210 704 non,
1229 616 1300 688 nisi

153 727 268 826 longis
295 753 337 802 ac
355 729 489 802 iteratis
515 728 719 819 conatibus,
745 726 838 799 male
861 725 1044 800 eruditum
1074 728 1300 826 ingeniuma

152 842 248 916 ludis
266 842 412 916 demum
428 844 601 932 avocavit,
618 857 652 917 et
671 843 809 915 fortiter
822 866 863 914 ac
881 858 1025 915 strenue
1043 857 1137 916 totus
1155 842 1201 916 cd
1219 868 1300 917 ma-

151 957 248 1030 xima
263 959 436 1031 excitatus
453 973 518 1046 est,
536 982 649 1055 quum
672 958 882 1030 memoriam
902 957 1091 1030 hominum
1112 958 1301 1056 sempiter-

153 1097 238 1145 nam
253 1073 524 1172 concupiverit?

202 1189 288 1284 Quae
303 1213 416 1286 quum
434 1189 482 1261 ita
501 1189 584 1282 sint,
609 1202 644 1261 et
662 1200 712 1261 tot
728 1188 835 1261 naevis
856 1212 1001 1261 carmen
1025 1186 1157 1288 Orphei
1176 1188 1300 1261 defor-

108 1321 113 1328 ·
152 1320 283 1396 metor,
297 1303 399 1377 nulia
415 1318 525 1376 exstat
544 1327 651 1377 causa
666 1297 733 1375 cur
741 1301 818 1397 jam
832 1302 954 1375 Cassio
968 1303 1153 1375 Parmensi
1169 1303 1302 1376 refera-

151 1438 226 1508 tur,
239 1444 354 1517 quum
368 1418 424 1491 vel
437 1443 520 1490 vere
537 1419 698 1492 Romano
709 1417 863 1516 irrogari
876 1419 1057 1516 nequeat(
1083 1420 1111 1515 ).

200 1534 500 1632 Disceptationem
530 1547 647 1606 tamen
666 1533 807 1632 longius
834 1534 983 1606 intexas.
1005 1533 1085 1606 Non
1104 1534 1200 1606 enim
1220 1558 1302 1605 om·

151 1650 250 1737 nino,
270 1674 334 1747 per
348 1673 411 1720 nos
424 1647 519 1736 licet,
537 1647 623 1721 sides
636 1649 768 1721 criticae
780 1647 1009 1747 adjungatur,
1026 1665 1060 1721 et
1072 1650 1195 1734 latina,
1211 1665 1298 1736 esto,

152 1767 276 1863 lingua
302 1764 441 1836 locutus
466 1763 575 1837 fuerit
600 1765 674 1837 ille.
702 1764 755 1836 Sit
775 1765 978 1856 Romanus,
1002 1789 1075 1837 non
1104 1764 1299 1852 barbarus3

152 1879 257 1952 modo
282 1895 445 1953 nontam
471 1879 627 1976 projecta
652 1899 686 1952 et
712 1879 853 1951 socialis
882 1896 1001 1953 nostra
1024 1883 1070 1953 sit
1095 1904 1218 1953 rerum
1240 1895 1302 1952 aut

151 1996 339 2067 hominum
358 1997 542 2094 patientia,
567 2011 608 2068 ut
626 1995 795 2067 carminis
812 1993 923 2090 hujus
942 1995 1192 2069 fabricatorem
1209 1996 1302 2067 inter

152 2111 358 2185 Caesarianae
376 2127 410 2185 et
429 2112 629 2185 Octavionae
648 2112 742 2183 viros
768 2111 879 2184 aetatis
901 2109 1161 2184 adscribamus.
1186 2109 1302 2182 Multa

152 2227 247 2298 enim
266 2228 312 2300 ab
331 2229 478 2301 Horatio
500 2242 535 2301 et
552 2253 572 2301 a
592 2227 745 2325 Virgilio
765 2239 949 2299 mutuatus
977 2240 1030 2300 est
1052 2242 1116 2299 aut
1142 2225 1299 2314 furatus,

153 2344 266 2416 multa
286 2343 393 2417 etiam
410 2368 430 2416 a
449 2345 580 2417 Seneca
598 2344 689 2417 vela
712 2343 833 2417 Persio
851 2342 1004 2438 satyrico
1018 2356 1053 2415 et
1071 2366 1092 2414 a
1113 2341 1298 2415 Juvenale.

152 2457 245 2554 Quid
273 2459 495 2533 manifestius
523 2474 584 2530 aut
610 2459 769 2556 apertius
793 2471 845 2530 est
875 2479 986 2554 quam
1015 2456 1126 2555 spolia
1155 2456 1216 2528 illa
1258 2482 1302 2527 ex

152 2573 298 2646 Horatio
314 2572 486 2672 derepta?

546 2817 638 2875 Musae
649 2815 776 2892 pallebat
790 2832 901 2885 amore,

353 2919 391 2976 Et
403 2931 481 2974 nune
495 2916 632 2973 maternis
646 2912 751 2982 inhiat,
764 2929 843 2971 nunc
859 2914 908 2971 lile
921 2916 1049 2987 paternis

354 3013 495 3075 Cantibus
509 3009 602 3091 (tp...

202 3248 268 3322 Vel
289 3245 428 3317 isthmo:

560 3455 656 3512 somni
671 3433 952 3528 suentgpareusque
966 3450 1046 3526 Lyaei
1063 3445 1116 3523 [3).

205 3657 277 3729 Aut
293 3652 459 3726 aliunde:

191 3897 227 3969 (1)
246 3897 371 3949 Nesactio
384 3895 468 3945 mirari
484 3904 615 3956 possumus
629 3888 695 3952 qood
710 3889 755 3937 hos
771 3885 905 3936 versiculos
917 3887 1048 3945 tantopere
1063 3883 1166 3931 miratus
1178 3881 1253 3931 suerit
1265 3882 1303 3931 vir

141 3968 253 4053 'ingenti
270 3986 382 4038 doctrina
400 3983 484 4035 omnis
495 3981 594 4044 generis
611 3980 746 4029 instructus
763 3978 796 4027 G.
810 3974 896 4024 Barth.
909 3973 941 4023 ad
954 3972 1088 4024 claudian.
1105 3970 1137 4021 de
1151 3972 1223 4032 kept.
1238 3972 1298 4019 Pro·

155 4091 222 4140 serp.
238 4074 309 4140 praer.
322 4073 367 4124 nb.
384 4092 411 4132 n,
429 4085 452 4122 v.
466 4070 512 4131 Ἡ,
524 4082 549 4131 p.
561 4066 624 4117 904.

194 4162 293 4233 (2).ss
309 4152 396 4213 Horat.
408 4163 430 4219 1,
443 4161 527 4210 carm.
542 4176 588 4216 ιιι,
604 4152 620 4204 9
635 4169 642 4203 z

489 4335 538 4376 Arte
546 4337 643 4374 materna
652 4329 738 4381 rapidos
747 4329 865 4367 morantem

488 4405 611 4447 Flumioum
620 4403 691 4454 inpone
693 4428 735 4440 .....

191 4560 224 4624 (3)
245 4562 332 4608 Horat.
349 4555 379 4605 nd
388 4556 473 4604 l’ison.
486 4565 510 4603 v.
520 4551 589 4599 414:

490 4705 598 4748 abstinuit
609 4704 688 4745 Venere
698 4704 718 4741 et
731 4699 816 4739 rino...
