3164 5214
607 371 784 459 ..ω-

121 542 243 598 manes
261 519 493 594 descendente
507 517 616 592 fuisse
628 533 822 590 narratam.
836 517 1007 605 Maronis,
1028 520 1058 590 si
1079 516 1197 593 dicere
1215 519 1268 597 ias

121 658 194 729 cst,
214 638 412 725 aemulator,
440 635 651 708 Threicium
673 633 801 705 cecinit
821 631 866 702 ad
891 632 1051 706 infernas
1073 634 1172 708 sedes
1200 640 1267 710 mi-

122 770 285 854 grantem
301 751 536 830 citharistam,
551 766 591 820 ut
608 749 708 821 illinc
726 762 801 852 arte
814 747 934 819 divina
945 748 1149 844 Eurydicen
1162 776 1265 825 suam

124 871 272 943 uxorius
291 881 389 964 poeta
412 863 619 954 reduceret,
639 888 755 960 neque
767 878 919 951 tantum,
936 863 1219 963 philosophantis
1234 869 1273 938 in

125 1008 281 1073 morem,
300 982 434 1080 Orphei
458 978 873 1077 exemplar—documento
902 977 1021 1065 vertit,
1046 1003 1091 1051 ne
1118 981 1200 1076 quis
1228 982 1274 1054 ob

125 1100 291 1173 laborum
318 1098 537 1168 nimietatem
563 1117 583 1165 a
611 1093 724 1191 gioria
757 1092 987 1190 suscipienda
1017 1093 1270 1169 deterreretur.

176 1215 296 1307 Quum
333 1213 444 1309 igitur
473 1225 613 1283 tantum
645 1209 691 1281 ah
725 1208 782 1281 his
818 1208 981 1281 versibus
1013 1211 1077 1305 qui
1118 1210 1197 1283 fons
1240 1229 1276 1285 et

127 1330 228 1427 origo
244 1328 344 1401 iuere
364 1325 629 1423 disputationis,
656 1323 892 1422 discrepuerit
921 1323 1059 1396 Lucani
1086 1350 1278 1424 argumen-

131 1463 232 1533 tum,
263 1444 293 1516 si
321 1470 363 1516 ex
391 1442 525 1540 Papirii
544 1440 747 1513 testimonio
773 1464 848 1512 rem
873 1439 1070 1538 disceptare
1083 1441 1179 1529 licet,
1204 1466 1277 1514 non

132 1564 277 1634 Lucano
315 1559 533 1658 poematium
570 1559 784 1656 irrogemus.
827 1557 873 1629 At
911 1559 1100 1630 Lucanum
1139 1560 1176 1630 in
1215 1558 1278 1654 jus

130 1673 393 1774 appellantibus
427 1673 666 1770 maximopere
692 1671 834 1745 obstant
853 1689 1029 1771 corruptae
1045 1688 1080 1746 et
1097 1674 1278 1746 insanabi-

132 1781 176 1864 lis
199 1788 368 1864 orationis
399 1788 505 1876 vitia,
532 1813 612 1884 quae
638 1787 684 1860 ab
716 1811 805 1859 auro
831 1785 907 1882 jam
941 1790 1066 1861 remoti
1096 1813 1137 1861 ae
1154 1789 1282 1887 depra-

133 1908 203 1980 vati
221 1905 333 1979 seculi
349 1920 384 1978 et
402 1903 656 2001 squalescentis
678 1903 813 2000 ingenii
833 1918 955 1976 notam
979 1904 1135 1977 inustam
1153 1929 1227 2004 prae
1245 1929 1283 1978 se

137 2021 270 2096 ferunt.

181 2136 375 2209 Deterioris
407 2136 518 2233 igitur
549 2135 613 2207 aevi
648 2133 789 2206 iniieeto
813 2149 847 2207 et
880 2134 1022 2208 incauto
1055 2136 1286 2209 versificatori

134 2255 316 2329 tribuatur
333 2252 424 2325 male
436 2253 633 2325 ominatum
645 2251 1044 2350 poema.Media,quam
1057 2275 1239 2345 vocamus,
1252 2267 1288 2326 et

135 2369 257 2442 infima
272 2369 467 2441 latinorum
485 2368 699 2465 scriptorum
712 2382 794 2439 aetas
809 2368 1059 2441 commentitiis
1074 2385 1109 2442 et
1126 2368 1286 2441 confictis

136 2485 226 2573 istis,
259 2485 374 2558 alieno
400 2484 556 2571 nomine,
585 2482 753 2580 operibus
796 2483 1009 2556 insueverat.
1041 2485 1174 2582 Legere
1212 2499 1285 2572 est,

137 2599 230 2673 inter
245 2599 327 2685 alia,
349 2624 428 2695 quae
446 2598 604 2696 piurima
629 2615 731 2683 sunt,
747 2597 973 2670 simillimum
992 2597 1066 2671 fere
1086 2599 1125 2671 in
1144 2600 1288 2697 Orphea

137 2729 172 2789 et
193 2716 357 2789 Ciceroni
383 2719 601 2814 imputatum
618 2705 860 2811 fragmentum
875 2715 929 2812 (i)
941 2742 952 2802 ;
973 2714 1177 2786 miserabile
1204 2739 1289 2787 vero

137 2854 282 2902 carmen
307 2846 379 2915 est,
407 2844 443 2901 et
467 2843 565 2902 tanto
585 2826 723 2923 judicio
749 2850 895 2926 prorsus
927 2828 1131 2928 indignum.
1177 2832 1287 2902 Fuere

138 2960 256 3018 tamen
272 2946 335 3042 qui
356 2946 469 3018 Marci
483 2945 597 3018 Tullii
612 2944 804 3041 cogitatum
823 2942 1038 3020 crediderint
1057 2945 1124 3044 (2).
1142 2945 1290 3020 Redoiet

138 3060 322 3133 dissonum
358 3060 537 3156 quoddam
581 3074 616 3131 et
648 3058 865 3146 barbarum,
906 3084 986 3148 nec,
1015 3060 1289 3133 adumbratione

140 3176 329 3264 levissima,
344 3190 567 3273 praestantem
586 3174 686 3245 illam
710 3191 744 3246 et
760 3175 990 3272 purissimam
1005 3174 1147 3248 dicendi
1169 3190 1284 3248 artem

140 3306 174 3364 et
183 3290 392 3388 elegantiam
402 3290 531 3362 retinet
544 3288 697 3383 qu'aeviri
708 3289 917 3362 maximivel
927 3291 1080 3363 solutam
1092 3291 1289 3363 orationem

142 3404 198 3476 vel
210 3405 364 3502 poeticos
382 3418 417 3476 et
433 3403 640 3476 constrictos
660 3426 830 3475 numeros
846 3405 976 3478 animis
998 3405 1106 3478 altius
1120 3404 1289 3503 infigunt.

141 3521 276 3592 Rerum
306 3518 464 3618 inopiam
496 3533 531 3591 et
565 3518 759 3590 verborum
799 3518 1113 3594 inconcinnitatem
1150 3521 1292 3594 easdem

143 3634 283 3733 profert
298 3633 361 3706 ille
384 3632 691 3706 Pseudo-Tullius
708 3632 841 3729 quihus
872 3634 1058 3732 insignitas
1082 3637 1186 3709 modo
1201 3640 1292 3709 Par-

143 3754 280 3804 menses
298 3730 356 3827 (si
379 3731 455 3803 Diis
475 3730 616 3830 placet!
636 3734 649 3822 )
669 3729 811 3804 chartas
841 3733 1054 3805 notavimus.

181 3984 219 4060 (1)
238 3990 293 4042 cie.
304 3991 371 4052 opp.
383 3989 546 4041 editvenet.
557 3988 635 4040 159³.
646 3988 686 4039 ci.
701 3989 800 4039 Febrie.
813 3990 881 4038 Bibi.
890 3990 933 4041 iat.
943 3991 984 4042 cd.
993 3993 1104 4055 Ernesti,
1118 3999 1137 4044 t.
1153 4013 1172 4054 r,
1185 4009 1212 4057 p.
1221 3996 1291 4049 255:

144 4076 284 4142 weicheri,
295 4078 327 4128 de
343 4079 506 4128 caas.Perm.
522 4090 549 4139 p.
560 4076 623 4126 297.
634 4071 755 4140 Orpheus
764 4076 921 4135 inscribitur.
937 4091 981 4130 seu
995 4076 1032 4131 De
1047 4077 1216 4135 adolescente
1226 4087 1293 4137 stu-

145 4161 232 4233 dioso,
242 4170 268 4217 et
278 4166 399 4229 scriptam
411 4166 514 4228 tingitur
521 4165 552 4215 ad
565 4167 685 4227 Marcum,
697 4165 773 4214 Tuiiii
788 4164 879 4224 fliium,
895 4166 1001 4216 Athenis
1012 4178 1219 4223 commorantem.

183 4253 221 4321 (2)
238 4253 279 4306 ci·
302 4254 442 4305 editionem
463 4251 618 4317 poematica
638 4253 708 4303 Frid.
733 4255 851 4304 Monario
876 4255 1015 4318 vulgatam,
1042 4260 1185 4323 Eibingen,
1213 4260 1293 4317 tota.

147 4343 361 4395 Pseudo-Tattius
375 4344 571 4395 Pseudo-cassii
582 4355 683 4394 carmen
698 4340 778 4391 πάντα
791 4339 844 4411 περὶ
854 4342 948 4393 πάντων
962 4351 987 4396 et
999 4350 1141 4411 paraphrasi
1156 4352 1296 4414 copiosiore

148 4433 273 4491 extendit3
294 4434 362 4484 unde
383 4436 408 4483 et
426 4433 551 4484 recentior
561 4437 672 4495 apparet.
692 4432 792 4481 Primus
807 4432 888 4482 editor
899 4435 1027 4496 Squareia,
1041 4437 1067 4485 in
1086 4450 1143 4499 geza
1159 4441 1192 4490 D.
1207 4444 1294 4505 Marci,

148 4521 282 4585 reperisse,
293 4522 371 4585 siqua
383 4521 457 4580 iidea,
471 4521 571 4570 dicitur.
586 4520 657 4570 idem
665 4525 843 4582 argumentum
855 4522 915 4572 oiim
925 4525 1109 4585 praestrinxerat
1122 4528 1259 4593 Patiadine,
1267 4533 1295 4585 in

150 4609 244 4672 orphei
256 4610 390 4672 aiiegoria3
401 4604 536 4661 Poet.iat.
549 4605 654 4660 minor.
665 4609 730 4658 coit.
744 4610 868 4670 Lemaire,
882 4616 900 4661 t.
913 4630 941 4669 n,
958 4625 985 4674 p.
997 4613 1061 4664 151.
1070 4614 1108 4665 ci.
1120 4615 1186 4668 Pith.
1196 4619 1240 4670 tto.
1253 4637 1294 4683 ης

151 4698 242 4761 scalig.
258 4698 285 4749 in
297 4699 390 4760 catate
406 4700 492 4749 Burm.
504 4692 680 4769 dattohiet.
698 4698 732 4748 111)
757 4716 775 4756 1,
796 4695 883 4765 opipr.
899 4699 960 4751 156.
1189 4679 1194 4688 ’
