3164 5214
281 792 368 964 ii
402 793 623 966 tusto
658 790 1004 963 PlRllEllSl
1035 789 1304 986 ruiti„

232 1194 271 1237 at:
294 1193 488 1238 uumsunrini
512 1193 556 1238 DE
579 1192 768 1250 QUIBUSDAM
789 1192 877 1236 APUD
892 1190 1081 1237 SUETONIUM
1103 1190 1339 1246 TRANQUILLUM

651 1291 910 1338 natumnatum.

407 2335 551 2424 tuusts
577 2333 839 2424 llllllllllllllll
867 2335 916 2422 it
944 2336 1142 2428 titilus.

253 2610 586 2685 Praestantissimum
607 2628 742 2706 poetam
762 2612 869 2684 luisse
887 2629 922 2685 et
936 2613 1152 2709 exquisitum
1170 2613 1204 2684 iu
1224 2611 1350 2710 primis

205 2729 366 2802 Cassium
397 2730 623 2799 Parmensem
642 2753 755 2823 quum
779 2754 883 2800 nemo
907 2729 1080 2801 exstiterit
1109 2729 1173 2825 qui
1202 2728 1349 2800 dubita-

204 2845 251 2915 rit
270 2843 337 2941 (l),
358 2843 504 2940 plurimi
525 2867 607 2914 vero
622 2843 685 2938 qui
705 2843 839 2938 optimu
863 2845 931 2914 vati
959 2845 1069 2915 multa
1096 2871 1139 2917 ex
1162 2843 1265 2937 editis
1288 2860 1351 2915 aut

202 2959 395 3056 deperditis
417 2958 655 3030 monumentis
679 2959 799 3056 spuria
821 2959 1039 3031 obtruserim
1059 2961 1125 3057 (⁴2),
1147 2959 1242 3031 haud
1261 2959 1348 3029 iuu-

204 3075 264 3146 tile
283 3099 430 3171 prorsus
455 3090 517 3146 aut
542 3073 784 3169 respuendum
816 3074 890 3145 lore
917 3076 1136 3160 censuimus,
1164 3074 1192 3145 si
1223 3073 1347 3172 paucis

204 3189 343 3285 paginis
369 3189 413 3261 de
438 3190 565 3260 veteris
591 3190 688 3260 illius
717 3190 901 3286 scriptoris
932 3208 966 3262 et
993 3189 1345 3275 commendatissimi,

202 3307 425 3402 egregiorum
443 3323 629 3377 auctorum
644 3307 750 3376 amici
766 3324 827 3378 aut
841 3304 1003 3402 aequalis,
1022 3332 1172 3404 operum
1193 3306 1347 3377 nonnul-

202 3422 318 3492 lorum
346 3421 771 3518 alberstadisputationem
802 3422 1080 3494 absolveremus.

250 3535 332 3623 Sed,
353 3554 454 3608 antea
467 3535 543 3631 jam
560 3535 604 3607 de
618 3537 738 3607 Cassio
765 3537 947 3609 Parmensi
968 3536 1213 3609 disseruerunt
1232 3535 1341 3623 docti,

198 3649 350 3749 aedepol!
368 3652 529 3725 homines
539 3670 573 3724 et
590 3652 750 3724 litteratis
767 3652 940 3725 notissimi
957 3655 1023 3749 (3).
1038 3654 1203 3755 Praeclaui
1220 3669 1345 3727 eracu-

234 3908 271 3974 (i)
291 3909 420 3960 Dubitarit
438 3915 537 3974 tamen,
558 3924 605 3961 nec
623 3911 765 3962 audiendus
786 3917 824 3960 est
842 3912 1000 3972 cruquianus
1019 3911 1180 3973 scholiastes,
1198 3913 1241 3974 qui
1262 3911 1340 3965 cassii

197 3998 339 4048 Parmensis
356 4003 381 4049 et
398 4000 478 4049 cassii
493 4000 590 4050 Etrusci
611 4002 713 4051 nomina
731 4001 868 4063 perturbat,
886 4005 911 4050 et
925 3997 1009 4068 parari
1022 3999 1153 4052 momenti
1168 4002 1243 4053 tuisse
1255 4017 1341 4054 versus

197 4088 251 4148 eius
265 4087 360 4149 scribit,
377 4088 403 4138 iu
416 4090 503 4140 Horat.
520 4092 541 4152 1,
553 4085 643 4157 Epist.
656 4111 683 4147 x,
697 4088 741 4139 θ’).

232 4174 269 4240 (2)
287 4176 447 4238 Neptunum
462 4177 503 4227 iric
514 4191 661 4240 aggeremus
674 4179 792 4238 neurim,
804 4179 928 4228 Achillem
942 4181 1031 4240 Estaco
1046 4179 1192 4244 referamus,
1207 4181 1232 4230 in
1245 4183 1340 4233 Sueto·

196 4264 232 4312 nii
244 4264 405 4326 Rhetoribus,
427 4278 467 4324 v1;
487 4267 596 4329 (libelle,
616 4268 643 4316 in
658 4269 795 4329 Gymnasio
811 4269 1007 4330 aquisgranensi
1023 4269 1161 4318 litterarum
1178 4270 1339 4332 antiquarum

196 4353 372 4416 professorem,
386 4357 542 4417 Programm.
561 4370 584 4406 a.
600 4356 686 4414 1852;
703 4358 835 4420 ipsumque
852 4359 1012 4420 optimumst
1027 4359 1223 4409 eruditissimum
1237 4362 1339 4422 Augus-

197 4447 248 4492 tum
263 4443 401 4503 weicheri,
419 4444 444 4494 in
458 4447 712 4496 commentationibus
725 4461 790 4510 saepe
804 4449 944 4499 laudandis.

230 4535 266 4599 (ὃ)
274 4536 313 4586 ci.
322 4536 347 4585 iu
356 4537 443 4598 primis
451 4533 535 4602 Baris,
544 4539 673 4589 Dictionn.
682 4540 772 4602 philos.
785 4541 895 4591 etcritic.
906 4541 967 4591 edit.
978 4539 1010 4590 rie
1022 4540 1176 4602 Rutunium,
1186 4539 1263 4602 tiit),
1282 4546 1300 4591 t.
1317 4561 1335 4601 1,

195 4623 347 4687 p.787,sqq.
357 4625 703 4689 Scipiorrcmhiaiiei,verona
714 4629 843 4692 illustrata,
854 4628 1101 4693 part.1r,p.29,sqq.
1112 4629 1232 4695 (Verona,
1243 4630 1332 4696 arsi).
