3164 5214
722 305 894 368 ..14-

232 473 287 529 tor
305 451 349 524 de
368 474 477 523 manu
498 449 593 521 ferro
610 449 702 520 inter
720 443 955 544 praeliandum
971 442 1087 516 decisa
1105 459 1268 542 usurpat,
1287 442 1377 516 dum

231 593 351 642 ensem
369 568 430 641 illa
443 566 526 639 nisu
545 579 712 637 retractat
723 562 843 634 inutili
855 560 938 659 (Μ

282 683 376 778 Quid
396 683 558 754 dieamus
572 677 616 752 de
635 675 778 751 chordis
798 675 948 750 dissona
960 681 1062 749 vocis
1080 700 1145 774 pro
1158 674 1379 748 chordarum

233 801 400 897 vocisque
413 795 617 871 discordia?

281 914 380 987 Num
403 914 575 988 toleretur
597 913 635 984 in
659 911 779 983 latinis
794 908 917 1011 pudor
929 908 998 1006 ⁸ille
1021 906 1237 981 exardens?
1258 906 1381 980 Pudor

235 1030 403 1102 virtutem
419 1043 586 1128 provocat
601 1057 609 1099 :
627 1025 756 1124 pudori
775 1024 933 1098 succedit
946 1024 1149 1096 animorum
1169 1024 1214 1095 ad
1226 1023 1380 1122 gloriam

235 1144 422 1234 alacritas3
439 1169 512 1215 non
525 1143 601 1240 ipse
614 1156 732 1213 tamen
748 1139 892 1212 exardet
907 1139 1036 1237 pudor.

284 1261 365 1334 Non
376 1261 531 1358 aequiore
543 1261 663 1332 animo
675 1258 872 1356 accipiatur
884 1257 942 1329 illa
956 1257 1076 1355 gloria
1088 1255 1210 1329 dulcis
1222 1255 1383 1344 bonesti;

236 1377 328 1450 mira
344 1378 545 1474 ταυτολογίαῑ

285 1492 421 1568 Verum
434 1516 480 1563 ne
493 1515 534 1564 ao
550 1491 703 1562 latinum
716 1487 839 1561 credas
852 1486 948 1584 quod
962 1488 1124 1584 sequitur
1139 1488 1230 1559 illuc
1242 1492 1383 1558 incum-

237 1605 338 1696 bere,
352 1631 466 1704 quum
479 1631 547 1678 vox
559 1606 651 1677 illue
662 1603 708 1676 ad
722 1628 797 1676 rem
811 1602 1075 1677 antecedentem
1087 1605 1239 1692 nullam,
1255 1616 1384 1701 praeter

237 1720 479 1794 exardentem
486 1719 667 1820 pudorem
682 1735 745 1792 aut
760 1718 898 1792 honesti
911 1721 1080 1818 gloriam,
1100 1720 1228 1792 referri
1251 1717 1383 1815 queat?

286 1837 384 1910 Num
412 1862 504 1936 pura
528 1852 562 1910 et
586 1834 723 1908 salubri
742 1836 918 1924 oratione,
947 1837 1051 1926 illuc,
1078 1837 1138 1908 ille
1175 1836 1290 1926 illine,
1312 1850 1384 1907 tres

240 1953 313 2027 lere
331 1951 532 2050 conjunctis
548 1952 656 2050 tignis
671 1975 794 2024 versus
812 1951 1041 2026 consociant?

288 2068 356 2143 Cui
367 2069 505 2167 placeat
516 2067 713 2166 tergemina
723 2070 868 2148 ἀντίθεσις
885 2092 893 2134 :
908 2067 1271 2142 Nuncmoternis....
1284 2070 1386 2138 nunc

236 2189 399 2286 paternis
414 2182 645 2257 catechum...
667 2182 751 2255 hinc
763 2183 927 2256 illine...
945 2182 1123 2283 dependet
1141 2189 1333 2282 utrimque.
1373 2196 1375 2201 ’

288 2300 377 2395 Quis
396 2300 524 2373 sentiat
541 2299 673 2396 quibus
691 2298 889 2372 rationibus
910 2325 952 2372 ac
971 2299 1084 2374 modis
1103 2300 1148 2375 V
1142 2325 1235 2374 enus
1240 2297 1387 2398 faeiem

241 2413 472 2514 compedibus
501 2430 620 2489 tenere
649 2414 785 2511 queat?
810 2418 851 2487 ln
879 2416 998 2489 Flacci
1029 2418 1252 2490 carminibus
1280 2437 1387 2486 crura

240 2530 410 2628 compede
428 2547 652 2627 perurantur
670 2531 743 2626 (2);
764 2531 913 2603 ubinam
940 2532 1102 2630 gentium
1122 2533 1228 2605 facies
1251 2554 1388 2627 compe

240 2646 347 2719 dibus
365 2643 531 2743 capitur?
547 2643 647 2740 Quod
661 2646 691 2718 si
706 2644 896 2718 verborum
913 2649 1203 2746 compositionem
1217 2669 1388 2745 perrum-

240 2785 317 2860 pas,
336 2777 383 2850 et,
403 2776 614 2859 praepostera
625 2760 860 2851 ordinatione,
862 2760 1009 2861 faeiem
1020 2778 1055 2836 et
1068 2768 1218 2835 mentitu
1230 2760 1386 2860 copules,

240 2878 350 2951 haeret
363 2894 482 2949 tamen
491 2900 553 2975 pes
562 2876 599 2946 in
615 2876 708 2964 lut03
724 2876 897 2973 quidnam
911 2893 965 2950 est
977 2877 1068 2949 illud
1070 2878 1216 2976 faeiem
1224 2873 1390 2948 mentiri?

242 2990 514 3085 Quamdemum
526 2990 651 3062 faciem
663 2988 682 3062 ἱ)
694 2990 792 3062 Num
811 2992 848 3062 in
865 2991 923 3064 his
937 3006 999 3064 aut
1018 2992 1127 3064 latina
1143 2989 1387 3078 subodoraris,

244 3123 308 3180 aut
323 3131 469 3179 sensum
486 3107 603 3179 ullum
617 3105 785 3204 indagare
802 3104 940 3203 queas?

293 3223 372 3294 Jam
385 3246 525 3321 pareus
544 3221 646 3319 Lycei
660 3221 722 3294 ille
735 3245 810 3295 esse
827 3237 940 3321 potest
956 3223 1020 3319 qui
1039 3247 1168 3320 parum
1185 3221 1324 3294 Baccho
1335 3222 1389 3292 in-

245 3338 382 3436 dulget,
401 3338 462 3410 sed
476 3338 604 3411 melius
619 3338 680 3411 ille
696 3338 759 3436 qui
776 3338 931 3436 maligna
948 3362 1056 3410 manu
1069 3338 1148 3411 aliis
1163 3337 1291 3436 pocula
1306 3337 1390 3409 sub·

246 3455 427 3527 ministrat
445 3455 512 3550 (3).

295 3569 343 3641 Et
365 3593 410 3640 ne
433 3569 486 3641 rei
518 3570 664 3668 ingratae
685 3569 823 3642 diutius
846 3570 1095 3660 immoremur,
1116 3586 1226 3666 utque
1243 3568 1318 3664 jam
1344 3568 1389 3640 ad

249 3684 355 3755 linem
365 3707 611 3782 properemus,
622 3684 728 3775 dicat,
746 3686 805 3757 cui
819 3686 935 3783 potior
948 3682 1120 3758 sententia
1134 3699 1198 3774 est,
1213 3683 1392 3781 quomodo

247 3800 364 3874 sudor
386 3801 505 3873 virum
526 3802 649 3875 tollere
675 3800 805 3900 possit,
830 3801 917 3875 dum
943 3802 1065 3902 gloriae
1090 3801 1391 3873 immortalitatem

248 3915 451 3988 studiorum
470 3941 578 4014 opera
596 3917 664 3990 sibi
681 3933 861 4014 comparet
868 3947 878 4008 3
903 3932 966 3990 arat
984 3940 1056 4014 qua
1077 3916 1132 3987 via
1151 3914 1241 3986 olivo
1264 3919 1392 3986 immo-
1475 3998 1478 4003 y

249 4036 370 4103 riatur
387 4032 448 4103 ille
465 4032 528 4127 qui
545 4031 590 4102 ad
614 4048 828 4104 nocturnam
851 4031 1052 4131 lampadem
1073 4029 1187 4103 labori
1209 4029 1389 4126 invigilat,

286 4193 321 4258 (l)
336 4195 404 4256 virg.
421 4191 488 4244 AEn.
503 4213 534 4253 x,
550 4192 613 4245 596.

286 4283 323 4344 ta)
342 4284 404 4332 Hor.
418 4278 505 4350 Epod.
521 4301 556 4342 rr,
569 4285 595 4332 4.

286 4369 323 4434 la)
342 4370 382 4419 Sic
391 4370 500 4430 Tullius,
515 4366 655 4422 daldun
670 4387 677 4421 ι
695 4373 831 4424 «Nimium
847 4386 934 4436 parcus
949 4375 1114 4437 inlarglenda
1128 4369 1266 4428 civitate.»
1281 4373 1314 4424 ut
1325 4371 1395 4422 Flac-

250 4469 302 4518 cus,
322 4459 367 4526 lll,
379 4453 472 4510 (larm-
485 4478 528 4520 xr,
545 4461 595 4508 lo:

568 4581 623 4620 Bene
633 4584 665 4620 est
674 4581 709 4621 cui
720 4582 773 4622 [laus
782 4583 860 4623 obtulit

570 4651 633 4692 Parca
643 4652 699 4701 quod
707 4653 756 4694 satia
767 4659 798 4694 est
807 4665 879 4694 manu.
