3164 5214
217 488 301 580 mis,
317 492 405 564 dum
420 490 570 564 emedio
588 489 720 563 clarior
735 513 770 564 et
781 492 956 565 excultior
970 513 1036 566 vox
1051 493 1204 584 insonat,
1219 511 1299 592 quac
1312 513 1368 568 ce*

218 625 379 680 tororum
398 605 652 693 cavillationes,
678 605 738 678 sed
758 607 961 703 purissimis
979 608 1230 705 castigatisque
1246 612 1369 685 metris

218 722 388 794 includit.
404 722 462 793 Sic
482 720 556 794 lere
567 722 701 819 gemini
715 720 915 795 audiuntur
929 722 1089 818 ejusdem
1108 725 1159 796 rei
1174 749 1214 797 ac
1229 743 1370 800 senten*

218 837 276 909 tiae
288 838 511 933 interpretes,
529 851 606 908 turn
622 838 805 935 popularis
821 837 1064 911 admodumet
1078 854 1195 928 acuta,
1211 840 1272 914 sed
1286 866 1371 913 cur-

218 965 291 1023 tata
309 951 519 1048 increpatio,
534 966 613 1023 tum
629 964 813 1047 poetarum
832 951 946 1048 stylus
965 952 1156 1027 vehemens
1175 955 1237 1027 ille
1250 970 1284 1028 et
1301 955 1371 1027 ad-

218 1066 375 1138 strictior
393 1082 428 1140 et
443 1066 626 1164 grandior.
638 1067 702 1138 His
716 1066 986 1157 animadversis,
1005 1069 1175 1142 evertitur
1191 1070 1370 1167 quidquid

217 1181 403 1281 Augustus
419 1182 606 1256 Weichert
618 1182 662 1254 de
681 1184 894 1255 commercio
908 1184 1046 1257 irarum
1066 1209 1107 1257 ac
1120 1185 1372 1282 conjunctione

217 1295 401 1389 disseruit,
422 1322 493 1395 qua
511 1297 702 1370 consociati
717 1297 861 1369 Cassius
879 1315 987 1395 atque
1005 1299 1196 1389 Antonius,
1213 1300 1371 1398 epistolis

218 1411 292 1501 bic,
310 1413 476 1486 versibus
495 1412 575 1500 ille,
595 1411 853 1500 Octavianum,
871 1412 996 1485 eodem
1021 1413 1135 1487 ferme
1155 1414 1369 1512 diplomate,

218 1526 460 1625 impetiverint
477 1528 545 1626 (l).
561 1528 646 1621 Quae
659 1526 769 1600 simul
783 1528 970 1618 amoveris,
986 1529 1079 1601 nihil
1097 1515 1243 1628 superat
1257 1554 1372 1603 causae

218 1667 284 1714 cur
307 1667 401 1716 anno
422 1643 669 1718 triumviratus
690 1644 837 1740 quovis,
863 1644 965 1742 prius
984 1643 1131 1740 quidem
1150 1646 1371 1743 epigramma

219 1758 449 1833 referendum
461 1759 623 1856 deputes.

272 1878 340 1952 Sed
360 1899 588 1974 quocumque
606 1873 712 1948 modo
729 1898 767 1947 se
784 1899 843 1948 res
867 1874 1018 1966 habeat,
1039 1875 1113 1948 sivc
1130 1877 1224 1949 inter
1238 1878 1373 1966 trium-

218 1998 355 2069 viratus
389 1990 587 2065 horrendas
632 1991 827 2088 primitias,
859 1993 934 2065 sive
970 1992 1065 2066 inter
1095 2018 1204 2067 novos
1240 2020 1282 2067 ac
1317 2019 1374 2067 re

218 2125 337 2184 centes
364 2107 543 2183 tumultus
573 2103 742 2178 versiculi
768 2107 840 2179 sint
867 2105 1024 2198 conditi,
1046 2133 1117 2180 non
1145 2110 1267 2182 Cassio
1290 2109 1373 2205 jure

219 2223 398 2326 probabili
423 2221 684 2294 attribuuntur.
715 2221 916 2295 Annalibus
944 2223 1040 2295 enim
1065 2241 1203 2297 constat
1227 2251 1269 2298 ex
1300 2246 1374 2322 quo

218 2340 420 2416 Parmensis
450 2339 489 2408 in
521 2336 663 2424 Asiam,
694 2337 745 2409 M.
779 2338 891 2410 Bruto
916 2359 951 2412 et
976 2339 1018 2410 C.
1048 2340 1170 2411 Cassio
1196 2339 1370 2430 diesibus,

219 2459 372 2555 fugerat,
392 2478 486 2525 anno
504 2454 551 2528 U.
573 2454 615 2524 C.
631 2478 736 2541 nccx,
754 2477 940 2548 nunquam
969 2454 1073 2525 illum
1094 2455 1132 2526 in
1157 2454 1293 2528 Urbem
1320 2481 1373 2529 scb

220 2571 291 2644 mel
303 2571 464 2644 relictam
480 2568 626 2665 posthac
640 2568 800 2640 rediisse.
819 2567 975 2640 Maximo
987 2569 1109 2640 animo
1125 2586 1158 2642 ct
1171 2570 1268 2668 apud
1288 2570 1371 2643 Pbi-

219 2686 335 2783 lippos
351 2700 386 2756 et
406 2684 441 2754 in
466 2684 559 2754 Sexti
582 2682 739 2780 Pompeii
761 2682 872 2754 classe
889 2681 986 2779 apud
1003 2683 1184 2766 Siciliam,
1219 2708 1372 2781 moxque

220 2798 541 2883 inAntoniiarmis,
552 2797 695 2869 Actiaca
704 2820 836 2894 pugna,
850 2798 1370 2893 spiritumlibertatisrctinuit,

218 2917 329 2988 donec
344 2940 426 2988 eum
449 2913 598 2986 Athenis
615 2911 890 2999 delitescentem,
905 2909 1054 3006 jubente
1071 2912 1278 3002 Octaviano,
1295 2938 1372 3012 per·-

218 3056 342 3105 eussor
371 3030 416 3123 Q.
446 3029 565 3101 Attius
595 3027 712 3101 Varus
735 3027 924 3121 oppressit.
956 3027 1043 3121 Quae
1077 3027 1188 3100 caedes
1226 3029 1300 3101 lere
1332 3031 1369 3101 in

217 3172 355 3220 annum
383 3147 428 3221 U.
460 3147 677 3218 C.ucoxx1v
705 3141 831 3214 incidit
863 3143 930 3239 (2).
960 3144 1028 3215 Per
1058 3142 1229 3216 tredecim
1261 3144 1370 3242 igitur

217 3287 348 3348 annos,
373 3286 392 3332 a
413 3260 667 3333 Cassianarum
683 3256 766 3353 luga
786 3281 900 3352 usque
921 3257 966 3328 ad
989 3257 1173 3353 diemque
1192 3260 1370 3357 supplicio

217 3378 343 3476 capitis
368 3377 515 3448 allectus
532 3390 584 3445 est
600 3372 814 3459 Parmensis,
835 3387 911 3443 turn
928 3373 1078 3444 consilio
1103 3398 1145 3445 ac
1172 3375 1367 3466 voluntate,

215 3510 294 3564 tum
310 3493 385 3590 lege
399 3490 505 3564 Pedia
528 3489 595 3586 (3),
619 3487 826 3582 neutiquam
840 3489 990 3559 Romam
1007 3513 1171 3561 reversus
1188 3505 1253 3562 est.
1272 3492 1369 3585 Qua·

252 3644 289 3710 (1)
307 3646 381 3696 Unde
391 3646 466 3695 etiam
476 3643 572 3706 colligit
585 3641 714 3691 Weicbert
728 3642 763 3704 (p.
777 3635 841 3706 277)
855 3640 949 3690 debere
963 3641 1092 3691 nemiuem
1111 3643 1203 3692 mirum
1215 3643 1308 3693 habere
1325 3644 1369 3706 qni

218 3736 274 3786 fleri
293 3735 402 3797 potuerit
419 3740 447 3785 ut
458 3734 514 3783 siue
530 3738 631 3782 auctore
641 3743 726 3780 versos
740 3730 937 3781 innotescerent.
952 3730 1039 3779 Potius
1049 3730 1230 3782 crediderimus
1242 3733 1262 3780 si
1274 3733 1320 3781 bac
1330 3733 1369 3783 ria

216 3827 321 3874 Romam
330 3823 512 3881 devenissent,
529 3819 641 3869 futurum
657 3817 733 3868 luisse
749 3820 898 3869 utintonio
913 3831 999 3868 versus
1015 3817 1062 3880 ipsi
1075 3831 1131 3867 cum
1146 3818 1254 3868 indicata
1265 3819 1370 3881 epistola

215 3913 395 3975 irrogarentur,
410 3911 450 3960 vei
463 3909 577 3960 cassium
590 3907 639 3957 sibi
657 3907 826 3968 praecriptum
847 3907 985 3971 haberent,
1005 3918 1053 3956 uec
1070 3907 1122 3968 jam
1145 3911 1229 3957 essent
1247 3901 1370 3957 ἀδέσποτα

215 3993 336 4051 carmina.
1155 3991 1158 3996 ⁴

253 4087 290 4154 (1)
309 4089 349 4140 ci.
364 4086 509 4145 weicheri,
525 4080 544 4134 l.
559 4096 600 4142 c..
617 4097 644 4145 p.
657 4081 791 4134 ass-26⁵.

252 4176 287 4241 (3)
307 4179 374 4239 Lege
391 4175 484 4232 Pedia,
505 4185 580 4235 quum
596 4170 684 4221 consul
700 4171 794 4221 Pedius
811 4171 906 4235 collega
921 4171 1025 4222 casaris
1045 4171 1151 4236 tulerat,
1174 4173 1302 4237 omnibus,
1324 4175 1368 4236 qui

216 4271 340 4319 Cesaram
356 4269 452 4327 patrem
466 4261 659 4318 interieceraut,
677 4272 741 4321 aqua
758 4259 861 4322 ignique
873 4259 998 4311 damnatis
1012 4260 1175 4311 interdictum
1193 4267 1256 4311 erat.
1275 4263 1367 4312 »Veli

214 4362 313 4410 Paterc.
322 4374 341 4406 11
350 4395 357 4418 ,
366 4353 514 4405 69.-Fuit
526 4353 610 4400 umen
625 4348 749 4399 redeundi
761 4349 831 4411 copia
844 4350 981 4412 nonnulla,
990 4362 1035 4411 per
1048 4361 1072 4400 a.
1089 4350 1121 4398 U.
1130 4350 1160 4400 c.
1170 4350 1223 4397 715
1238 4349 1367 4410 induciat,

215 4451 347 4510 postquam
362 4456 425 4493 vana
439 4447 464 4492 et
476 4441 558 4490 brevis
572 4451 629 4488 curn
643 4438 711 4489 Sext.
723 4438 845 4499 Pompeio
856 4437 888 4488 ad
906 4438 1034 4489 Misenum
1055 4451 1101 4501 par
1120 4437 1297 4489 intercederet.
1308 4439 1370 4498 vid,

214 4538 326 4590 Messon,
338 4531 520 4581 inviciiorot.
539 4541 565 4590 p.
576 4526 624 4585 88,
642 4540 681 4589 sq.
692 4527 756 4576 Tum
770 4525 818 4576 iilis
829 4528 871 4589 qui
882 4527 1013 4590 proscripti
1026 4526 1229 4577 inerantrcditus
1242 4525 1368 4594 patuit(D‚

214 4622 286 4672 cmc.
302 4639 388 4683 xcvur,
404 4617 453 4679 363
466 4617 531 4668 Veii.
547 4619 646 4667 Patere.
657 4633 686 4682 u,
699 4613 744 4676 67,
759 4614 799 4666 ci.
812 4615 952 4676 Weicbcrt,
966 4616 998 4668 de
1010 4617 1039 4667 i..
1050 4615 1126 4666 Vario
1140 4606 1369 4678 poet.lixcursus1,

216 4723 241 4772 p.
258 4708 320 4763 138.
362 4765 366 4777 ,
1241 4783 1257 4834 3
