3164 5214
706 350 882 417 ...60-

217 489 430 564 historicum
459 490 559 563 bunc
588 515 634 562 an
662 504 803 590 poetam
831 506 895 565 aut
928 491 1105 588 quidlibet
1128 492 1227 565 aliud
1255 494 1369 568 luisse

219 606 460 706 maximopere
482 605 705 679 dubitemus.
726 605 802 681 Nec
818 606 902 679 inde
920 606 1031 705 igitur
1053 632 1154 680 error
1172 607 1364 708 dependet.

270 723 435 796 Cassium
458 722 602 797 tandem
625 714 796 794 Severum
823 721 1007 809 adeamus,
1028 724 1221 796 notissimae
1236 723 1370 797 dicaci-

217 837 298 911 tatis
311 851 488 910 oratorem
503 866 514 926 3
534 861 643 934 quem
660 836 810 934 plurimi
835 862 918 909 cum
934 838 1072 921 ,Cassio
1089 839 1288 925 Parmensi,
1311 840 1368 908 vel

216 951 314 1050 apud
337 967 471 1025 veteres
496 952 597 1026 luere
617 953 682 1049 qui
700 952 990 1025 commiscuerint
1012 952 1080 1050 (1).
1100 954 1149 1026 Ε1
1170 953 1268 1025 huuc
1286 952 1368 1024 his·

218 1066 326 1139 torias
356 1066 540 1165 scripsisse
569 1067 909 1157 ierunehistoricis
941 1068 1066 1142 saltem
1095 1093 1205 1166 prope
1225 1067 1368 1139 vicinus

215 1207 258 1256 ae
279 1181 454 1255 finitimus
473 1180 556 1255 fuit.
574 1183 716 1257 Cretam
742 1181 934 1281 relegatus,
955 1206 1046 1280 opus
1072 1183 1116 1256 de
1147 1184 1303 1282 AEgypto
1321 1181 1368 1254 ad

217 1296 407 1372 Tiberium
422 1297 672 1394 imperatorem
684 1296 836 1371 edidisse
848 1298 1083 1372 existimatur.
1104 1299 1179 1393 Qua
1198 1299 1237 1370 in
1255 1299 1364 1371 liteP.

215 1412 375 1486 Plinium
391 1411 497 1484 etiam
515 1413 713 1486 maximum
730 1427 854 1486 testem
869 1413 1034 1487 advocari
1051 1415 1133 1486 licet
1145 1413 1212 1511 (2).
1225 1413 1299 1485 Nec
1309 1429 1368 1485 ta-

215 1552 299 1601 men
317 1527 386 1600 hoc
399 1527 492 1601 libro
507 1528 595 1626 quid
612 1529 681 1602 sihi
699 1529 923 1627 propositum
939 1528 1109 1602 habuerit
1126 1528 1369 1601 inscribendo

216 1641 361 1715 Cassius
375 1644 525 1715 Severus
540 1643 770 1716 manifestum
787 1646 997 1717 est.Forsan
1008 1658 1042 1716 et
1052 1641 1365 1741 chorographiam,

218 1757 402 1831 Ciceronis
416 1757 621 1855 exemplum
636 1773 781 1831 secutus
790 1758 863 1856 (3),
877 1783 957 1830 non
970 1764 1179 1859 πραγματικὸν
1187 1764 1275 1858 λόγον
1292 1759 1364 1855 (4),

216 1872 490 1970 conscripserat.
506 1871 700 1946 Credidere
714 1888 834 1946 tamen
847 1875 1014 1946 nonnulli
1027 1889 1062 1947 et
1075 1874 1242 1947 historias
1256 1874 1366 1972 scrip·
1436 1917 1438 1920 >

216 1998 270 2060 tas
291 2011 366 2059 esse
387 2011 407 2059 a
425 1987 548 2060 Cassio
575 1987 717 2060 Severo.
737 1988 862 2061 Justus
888 1989 1031 2086 Lipsius
1046 1993 1092 2063 ad
1107 1988 1275 2062 Tacitum
1295 1989 1365 2084 (5),

215 2100 269 2173 rei
286 2100 394 2174 fidem
411 2101 508 2191 fecit,
520 2102 627 2175 unice
646 2102 723 2175 loco
739 2104 899 2176 Suetonii
912 2103 1026 2194 nisus,
1044 2103 1088 2175 de
1106 2119 1209 2201 gente
1220 2103 1366 2178 Vitellia

215 2218 351 2315 agentis
379 2242 388 2284 ε
421 2245 439 2288 «
466 2219 598 2291 Contra
624 2217 747 2317 plu'res
774 2234 956 2292 auctorem
986 2219 1126 2318 generis
1155 2218 1366 2291 libertinum

213 2331 473 2430 prodiderunt;
495 2334 640 2407 Cassius
658 2335 822 2425 Severus,
835 2359 901 2408 neo
921 2335 1040 2406 minus
1056 2334 1131 2422 alii,
1149 2333 1315 2406 eumdem
1332 2351 1366 2406 et

216 2463 375 2521 sutorem
389 2449 722 2522 veteramentarium
733 2447 801 2546 (6).
814 2478 832 2518 u
847 2447 915 2521 Sed
927 2449 1008 2545 quis
1020 2446 1142 2520 credat
1155 2447 1229 2519 haec
1242 2447 1279 2517 in
1289 2446 1364 2518 his·

215 2562 306 2636 toria
325 2588 544 2659 quemquam
570 2561 787 2661 scripsisse?
808 2564 935 2636 Nonne
957 2562 1066 2635 verba
1092 2561 1168 2659 ipsa
1195 2577 1258 2634 aut
1283 2562 1364 2659 epi-

213 2703 376 2775 gramma
397 2676 569 2774 juvenile,
591 2694 654 2752 aut
674 2678 828 2752 famosos
850 2679 990 2752 libellos
1017 2677 1177 2750 redolent
1198 2677 1364 2776 Seriphio

214 2817 298 2866 saxo
315 2817 396 2866 mox
415 2795 615 2892 puniendos
632 2793 650 2868 d

244 2907 347 3000 ¹Quae
360 2933 476 3004 quum
493 2908 542 2980 ita
560 2909 649 2996 sint,
668 2934 741 2981 non
757 2907 891 3006 injuria
911 2907 1166 2981 historicorum
1189 2907 1275 2979 ludo
1294 2908 1365 2979 eli-

212 3020 344 3093 minari
361 3022 525 3094 Cassium
550 3023 721 3095 Severum
742 3024 899 3122 patiaris.
920 3023 1131 3095 Eliminavit
1148 3038 1183 3095 ct
1197 3022 1359 3094 Vossius.

214 3134 284 3227 Qui
299 3137 496 3232 praesertim
522 3136 561 3224 id
581 3136 737 3210 instituit
756 3153 796 3211 ut
816 3139 917 3210 Justo
932 3138 1053 3235 Lipsio
1070 3137 1108 3208 in
1121 3138 1231 3209 Corn.
1248 3137 1362 3209 Taciti

213 3249 316 3323 libris
324 3250 435 3348 ,quod
448 3250 674 3323 rarissimum
688 3267 753 3342 est,
767 3252 927 3350 decepto,
937 3251 1191 3348 obloqueretur
1200 3252 1268 3347 (7).
1281 3250 1363 3339 Sed,

213 3384 420 3464 quanquam
446 3367 678 3441 manifestum
702 3384 755 3442 est
771 3369 948 3446 Cassium
972 3371 1142 3442 Severum
1169 3367 1366 3441 scribendae

212 3481 370 3555 historiae
386 3508 458 3556 non
475 3483 701 3574 incubuisse,
719 3484 901 3557 credidere
919 3484 1023 3556 multi
1038 3484 1158 3556 simile
1177 3482 1265 3580 quid
1281 3507 1365 3556 curn

249 3735 288 3808 (1)
305 3740 351 3791 Rei
367 3739 482 3802 exemplo
496 3741 529 3791 sit
548 3742 651 3805 Apuleii
673 3742 753 3804 loeus,
773 3741 800 3792 in
815 3742 902 3794 libello
916 3744 952 3793 Da
970 3737 1182 3812 ortbopropltio,
1198 3741 1213 3808 ᾗ
1231 3741 1276 3793 28.
1292 3745 1364 3794 luter

213 3833 347 3888 nostrates,
362 3828 502 3887 Fabricius,
514 3829 546 3879 dc
559 3832 685 3892 crusque,
694 3831 812 3894 Lambin,
826 3832 925 3895 Dacier,
943 3836 989 3882 etc.

248 3913 286 3982 (2)
304 3915 373 3967 Ptin.
391 3910 456 3968 Nat.
472 3910 537 3967 disi.
549 3935 630 3979 xxxv,
644 3919 688 3969 15.

250 4003 284 4070 (5)
303 4005 343 4054 ct.
353 4005 409 4055 cic.
421 4005 488 4066 opp.
498 4004 540 4055 ed.
552 4005 585 4056 cl.
596 4007 623 4056 J.
635 4007 786 4068 V.Loclerc,
801 4013 820 4058 t.
833 4026 905 4068 xxix,
917 4005 1013 4071 0598,
1022 4019 1051 4058 ex
1062 4003 1201 4068 Prisciano,
1213 4025 1248 4072 vi,
1258 4021 1284 4070 p.
1301 4008 1365 4057 717.

146 4083 150 4091 “
249 4089 287 4157 (1)
307 4091 346 4141 Gi.
359 4092 466 4154 Polybo,
481 4110 500 4150 1,
518 4092 742 4160 1;111,116,’7.

248 4177 284 4248 (5)
302 4183 372 4230 Juste
386 4180 472 4243 Licea,
485 4177 515 4231 in
532 4177 618 4233 Tacit.
634 4182 694 4233 edit.
708 4184 844 4245 antverp„
860 4180 938 4242 1668,
954 4196 980 4244 p.
998 4183 1059 4243 115,
1079 4185 1138 4235 aot.
1153 4183 1199 4235 59.

248 4266 283 4332 (6)
303 4270 407 4319 Sueten.
426 4264 514 4320 Viuit.
535 4288 563 4320 11.
583 4270 657 4320 Unde
668 4271 745 4320 etiarn
756 4271 824 4333 scip.
840 4271 925 4321 Maiiei
943 4285 976 4320 ε»
995 4272 1081 4322 cassio
1093 4273 1196 4333 Severo,
1210 4273 1310 4323 istorico
1324 4274 1364 4323 ci-

211 4359 263 4405 tato
278 4356 309 4406 da
323 4357 444 4407 Suetonio
456 4358 483 4406 in
494 4358 621 4419 proposito
629 4357 688 4408 dell'
703 4358 800 4422 origine
810 4360 836 4409 di
848 4359 960 4410 Vitellio.
975 4378 985 4402 ι
1004 4357 1110 4413 Verona
1124 4357 1278 4423 illustrato,
1298 4367 1363 4424 part.

212 4463 232 4502 1,
246 4445 309 4494 Dell’
324 4445 409 4496 istoria
419 4446 445 4496 di
457 4447 567 4507 Verona,
589 4447 654 4497 libro
669 4452 746 4508 sesto,
765 4462 790 4510 p.
805 4449 866 4498 120.
877 4449 935 4498 Non
950 4452 1034 4499 tamen
1046 4455 1071 4500 et
1082 4450 1227 4501 Parmensis
1237 4456 1262 4501 et
1276 4451 1364 4500 severi

213 4535 333 4595 pervertit
348 4535 462 4588 nomina.

248 4622 280 4685 (¹1)
300 4624 339 4674 ci.
354 4626 419 4675 Just.
431 4625 501 4686 Lips.
515 4626 541 4674 in
552 4626 632 4677 Tacit.
646 4627 741 4680 hunul.
761 4647 797 4689 iv,
808 4627 840 4677 21
852 4642 860 4691 3
874 4628 1014 4693 Glandorp,
1029 4623 1170 4682 Onomasi.
1187 4642 1213 4691 p·
1223 4626 1290 4686 2093
1301 4628 1364 4676 Τθῐ·

213 4710 318 4774 tentius,
336 4711 475 4764 lnSueton.
485 4713 578 4776 Calig„
590 4734 643 4766 arr.
