3164 5214
698 335 874 399 -pp,

213 473 372 547 latibulis
394 488 426 545 et
446 474 675 571 pauperrimo
697 499 738 546 ac
768 475 841 548 fere
866 475 1041 548 lutulento
1059 475 1152 546 victu
1175 474 1218 545 ad
1240 474 1357 546 lucem

212 603 426 685 emergente.
444 590 512 681 Qui
538 588 626 659 dnm
646 589 777 662 lamam
807 590 1035 685 circumpicit
1057 605 1090 660 et
1110 591 1188 661 vitae
1211 615 1358 660 rerum-

211 727 281 799 que
307 703 463 799 inopiam
486 703 669 792 defendit,
697 705 800 777 inter·
817 707 992 804 plurimas
1021 706 1100 776 illas
1127 706 1179 777 rei
1205 706 1358 802 publicae

211 820 373 892 tristitias
404 835 438 896 et
457 822 702 894 conversiones
726 848 805 919 quae
827 825 947 918 legum
974 823 1184 894 excisionem
1213 838 1245 894 et
1262 815 1356 892 ¹mox

211 936 253 1006 C.
266 937 414 1008 Caesaris
429 937 701 1009 trucidationem
714 955 946 1037 exceperunt,
962 955 1154 1034 antequam
1168 955 1202 1009 et
1216 939 1359 1034 ingenio

211 1051 417 1139 effloruerit,
435 1067 468 1122 et
485 1053 618 1149 primos
635 1054 798 1125 audendo
811 1054 1019 1142 obtinuerit,
1032 1055 1149 1151 potuit
1167 1054 1211 1125 ad
1230 1055 1360 1147 satyri·

211 1189 271 1236 cos
305 1166 613 1263 archilochiosque
653 1169 789 1242 iambos
836 1187 988 1240 mentem
1029 1168 1225 1241 intendere.
1259 1169 1360 1260 Qua-

212 1298 357 1379 propter
373 1298 407 1355 et
423 1284 601 1356 allirmare
620 1286 780 1356 ausimus
805 1285 967 1356 Cassium
988 1284 1086 1355 hunc
1104 1285 1222 1380 ipsum
1242 1283 1353 1355 luisse

211 1422 319 1493 quem
341 1399 509 1470 Horatius
533 1425 637 1471 muro
656 1400 842 1472 effractum
868 1399 1068 1496 impegerit.
1094 1399 1226 1470 Suadet
1252 1399 1357 1469 etiam

212 1531 253 1587 ut
271 1514 459 1587 credamus
478 1531 679 1613 temporum
697 1515 785 1586 ordo
804 1540 845 1586 ac
864 1517 985 1587 series.
1002 1514 1112 1586 Nulla
1129 1531 1179 1585 est
1198 1514 1360 1584 horatia-

211 1654 340 1702 narum
359 1627 521 1726 Epodon,
542 1629 728 1727 profitente
747 1630 934 1703 Weichert
953 1629 1020 1727 (l),
1034 1655 1115 1725 quae
1133 1644 1211 1726 post
1224 1653 1360 1699 annum

212 1771 245 1817 n.
266 1771 299 1814 c.
322 1769 498 1831 ocexxni,
526 1746 657 1842 scripta
684 1746 742 1818 sit.
768 1745 879 1842 Atqui
908 1760 986 1816 tum
1010 1746 1220 1842 vigesimum
1251 1745 1361 1815 aetatis

211 1883 346 1931 annum
365 1861 422 1931 vix
441 1861 585 1932 Cassius
606 1862 756 1933 Severus
770 1861 976 1933 absolvebat
989 1861 1062 1956 (2);
1079 1882 1112 1930 et
1127 1861 1245 1930 innata
1265 1858 1363 1929 dica-

211 1977 327 2050 citatis
346 1976 536 2049 virulentia
553 1993 629 2049 tum
643 1978 801 2074 primum
816 1979 923 2074 erepit
944 2001 1147 2073 erumpere,
1168 1990 1200 2046 et
1217 1974 1361 2063 infimos

211 2091 374 2179 exordio,
403 2108 439 2163 at
464 2117 543 2163 mox
567 2092 872 2189 splendidissimos
902 2093 1006 2163 etiam
1035 2091 1200 2162 homines
1221 2089 1363 2184 procaei-

212 2206 350 2305 lingua,
368 2233 433 2281 nec
447 2208 563 2281 soluto
585 2223 723 2281 tantum
742 2232 927 2295 sermone,
950 2206 1011 2278 sed
1037 2204 1359 2303 epigrammatum,

211 2339 253 2395 ut
267 2323 318 2410 sit,
334 2325 606 2420 numerosisque
640 2325 776 2396 salibus
791 2342 825 2396 et
839 2324 1002 2395 lricnisse
1021 2339 1055 2394 et
1074 2321 1267 2392 irritavisse
1278 2344 1361 2390 vere

211 2440 482 2512 existimaveris.
509 2442 644 2511 Mirum
671 2465 755 2512 sane
780 2439 894 2511 videri
928 2454 1034 2534 queat
1057 2436 1152 2533 quod
1181 2459 1252 2506 non
1275 2459 1361 2504 enu-

211 2555 322 2625 cleate
345 2554 400 2624 illi
417 2579 539 2626 omnes
560 2555 625 2651 qui
648 2555 811 2626 Cassium
839 2557 1009 2625 Severum
1036 2550 1225 2622 laudavere
1249 2550 1364 2644 scrip·

211 2692 305 2744 tores
321 2685 483 2755 veteres,
511 2671 616 2741 illum
651 2670 697 2742 ob
725 2669 860 2767 poetica
890 2668 1095 2740 extulerint.
1121 2667 1157 2737 Si
1182 2690 1269 2736 vero
1291 2689 1362 2734 non

212 2786 319 2883 plura
342 2786 570 2858 consentiunt
594 2786 631 2856 in
657 2811 738 2858 eum
757 2785 976 2870 testimonie,
995 2807 1070 2855 rem
1096 2783 1228 2853 clarius
1253 2808 1295 2852 ex
1321 2806 1364 2851 eo

212 2902 440 2998 interpretari
458 2902 552 2989 licet,
573 2901 667 2998 quod
689 2903 806 2999 primo
822 2902 1021 2985 versiculis,
1037 2901 1129 2970 inter
1147 2898 1264 2968 omnia
1284 2896 1361 2967 haec

215 3041 294 3113 quae
311 3016 512 3088 viventibus
529 3032 724 3089 occurrunt
737 3016 965 3101 obluctando,
985 3014 1245 3099 dicacissimus,
1267 3013 1361 3083 fama

210 3129 285 3224 jam
306 3131 449 3221 certior,
461 3129 643 3225 juventuti
665 3154 729 3202 sua
750 3132 825 3226 ipse
846 3131 988 3200 sumum
1001 3127 1186 3223 objecerit,
1206 3147 1256 3215 et,
1277 3153 1361 3198 ora·

213 3247 295 3318 torii
310 3249 389 3319 luce
408 3247 554 3346 ingenii,
574 3247 714 3319 vultum
738 3263 843 3343 atque
864 3270 924 3316 ora
942 3245 1129 3317 hominum
1149 3243 1358 3341 oppleverit.

213 3364 250 3435 Si
276 3362 363 3459 quid
392 3390 434 3435 ex
466 3365 542 3436 istis
568 3390 695 3436 verum
725 3389 767 3436 ac
796 3363 978 3435 sincerum
1012 3363 1090 3435 erui
1122 3362 1296 3449 fatebere,
1327 3377 1361 3431 et

212 3496 352 3577 poetam
367 3480 476 3551 luisse
489 3494 522 3552 et
538 3481 870 3578 epigrammaticum
887 3481 981 3553 intra
992 3479 1177 3574 juventam
1195 3478 1360 3549 Cassium

213 3583 383 3666 Severum
399 3594 497 3666 baud
516 3595 737 3669 inlitiaberis.
754 3597 839 3691 Quae
869 3598 898 3668 si
913 3595 1059 3668 demum
1075 3618 1159 3666 cum
1178 3593 1313 3690 optimo
1327 3609 1361 3666 ei

212 3708 416 3782 doctissimo
434 3711 620 3784 Weichert
634 3711 817 3799 evicimus,
836 3710 924 3808 quid
942 3696 1081 3783 abforet
1098 3708 1187 3806 quin
1205 3726 1239 3780 et
1258 3710 1360 3805 Spal-

213 3824 298 3920 ding
317 3825 369 3921 (3)
396 3841 429 3898 et
449 3826 518 3924 ipsi
537 3827 589 3899 W
591 3826 724 3899 eichert
740 3827 793 3922 (lt)
813 3826 1070 3923 obloqnamur,
1089 3825 1153 3921 qui
1176 3824 1359 3896 Parmensi

212 3940 398 4036 probabile
419 3942 583 4014 nonnihil
602 3943 793 4040 affingunt,
816 3958 849 4014 et
869 3943 987 4015 Severi
1008 3941 1180 4039 poetieam
1205 3938 1359 4011 maledi-

248 4222 286 4288 (t)
306 4224 445 4284 Weichert,
463 4239 489 4287 p.
504 4225 567 4273 210.

249 4308 288 4381 (2)
307 4312 428 4363 conteras
439 4313 499 4374 quid
512 4314 543 4362 de
560 4326 590 4362 eo
605 4327 654 4374 quo
668 4318 740 4363 natus
755 4312 896 4363 sltCassius
910 4311 1017 4362 Severus
1032 4315 1145 4371 tempore
1155 4315 1180 4360 et
1195 4309 1226 4359 de
1240 4309 1294 4369 ipso
1309 4321 1358 4370 quo

212 4400 303 4450 obterit
314 4414 383 4451 anno
396 4401 523 4464 scripserit
535 4401 675 4460 Weichert,
687 4404 725 4451 De
741 4395 837 4452 Cassio
850 4397 947 4451 Parra.
967 4414 992 4461 p.
1008 4401 1069 4449 203.

250 4488 287 4553 (5)
305 4490 437 4552 Spalding,
456 4491 482 4539 tn
503 4490 625 4551 Quinctil.
638 4509 664 4550 v,
676 4509 705 4552 11,
723 4503 749 4552 p.
765 4490 816 4548 24;
835 4494 984 4539 nontamen
998 4490 1284 4540 cassinmParmcnsem
1299 4499 1357 4536 rer-

211 4591 284 4627 snunr
297 4580 399 4628 istorum
413 4579 532 4628 artificem
545 4590 609 4638 esse,
622 4578 666 4627 sed
679 4591 734 4630 esse
746 4579 855 4641 potuisse
865 4578 1004 4628 contendit.

248 4662 286 4730 (4)
304 4667 441 4726 Weichert,
459 4663 476 4717 l.
497 4681 519 4718 c.
537 4666 666 4716 biblio.
