3164 5214
635 312 806 378 „ll-

327 465 484 525 Poenarum
502 462 608 521 oblitos
617 461 754 521 demulsit
764 464 893 521 carmine
906 478 1007 522 manes
1018 462 1069 544 (t).

198 668 308 741 Proh!
329 689 436 764 quam
461 663 558 736 arida
585 664 789 737 laurearum
817 663 914 755 lolia,
934 683 968 740 et
990 670 1153 743 manibus
1175 671 1294 743 attrita

148 808 257 882 quam
273 780 499 854 durissimis!
519 779 557 850 ni
573 793 689 851 tamen
708 781 967 870 censuerimus,
984 770 1133 857 inversis
1153 802 1188 857 et
1206 786 1295 858 invi·

148 901 204 972 dis
215 900 310 989 fatis,
319 898 490 969 Flaccum
502 918 544 967 ac
557 896 739 967 Maronem
753 896 907 969 misellas
916 912 949 971 et
960 899 1296 974 maleconlormatas

150 1016 284 1115 species
312 1037 332 1085 a
356 1012 478 1085 Cassio
502 1011 565 1084 illo
589 1011 743 1084 imitatos
770 1010 880 1085 luisse
902 1014 1075 1113 scriptore
1104 1016 1300 1089 intestabili

151 1146 246 1215 vates
264 1129 417 1228 optimos
435 1142 468 1200 et
490 1126 676 1199 maximos.
700 1126 822 1200 Obstat
842 1151 926 1199 vero
947 1129 1140 1226 quominus
1160 1131 1298 1219 credas,

151 1263 187 1321 et
202 1245 315 1320 Cassii
327 1243 528 1317 Parmensis
546 1243 625 1314 laus
642 1242 678 1313 in
692 1240 894 1331 scribendo,
912 1257 947 1317 et
965 1243 1146 1318 furtorum
1163 1246 1301 1343 reliqua

152 1387 236 1462 pars
277 1384 357 1458 quae
397 1359 644 1457 proximorum
680 1358 892 1455 degenerem
931 1375 1067 1434 aetatem
1113 1360 1301 1434 homiuum

155 1478 298 1552 hortulo
317 1475 504 1549 referenda
514 1490 578 1548 est.
596 1472 723 1569 Qualia
738 1473 812 1547 haec
826 1489 911 1547 stent
926 1504 935 1545 :

372 1699 470 1758 Ausus
481 1704 511 1757 et
521 1698 564 1755 ire
577 1698 656 1755 viam
670 1695 844 1755 mortalibus
856 1697 1058 1757 inconcessam
1073 1695 1125 1776 (a).

502 1794 595 1854 Musae
608 1793 738 1868 pallebat
747 1809 859 1853 amore.

210 1996 286 2069 Aut
305 1996 408 2068 etiam
424 1995 511 2069 ista:

462 2219 612 2273 nocturno
621 2217 775 2274 exsomnis
784 2215 862 2274 olivo

338 2312 515 2371 immoritur
527 2307 620 2390 i⁸l····

208 2527 327 2622 thue
357 2522 433 2619 jam
467 2522 711 2619 exemplorum
738 2521 811 2593 vim
839 2522 1145 2597 etauctoritatem
1177 2524 1310 2599 horum
1405 2584 1407 2589 .

160 2642 360 2739 recolligas,
376 2636 461 2712 iacit
477 2635 729 2735 impedimenta
743 2638 834 2710 ratio
850 2651 1052 2734 temporum
1066 2662 1111 2710 ue
1124 2634 1315 2736 aVirgilio

160 2757 216 2830 vel
236 2781 256 2829 a
271 2756 399 2828 Flacco
416 2753 503 2826 tales
520 2751 733 2849 quisquilias
748 2752 906 2841 Cassius,
921 2766 954 2824 et
967 2774 1077 2848 quam
1096 2752 1251 2826 maxime
1270 2778 1316 2826 ne

159 2871 313 2944 aPersio
325 2869 380 2942 vel
400 2866 606 2941 aJuvenale
618 2867 696 2965 ipso
710 2865 937 2966 decerpserit.
1000 2868 1003 2873 ’

209 2988 350 3057 Poteras
367 2981 498 3056 dixisse
522 2981 695 3072 fortassis,
719 3006 792 3054 non
813 2979 859 3054 ad
882 2981 1031 3055 Caesaris
1050 2981 1104 3054 vel
1122 2980 1306 3056 Octaviani

198 3242 234 3309 (s)
253 3244 292 3295 ra.
308 3245 344 3295 ro.
354 3256 379 3294 v.
393 3240 464 3292 roez

331 3390 514 3432 reanimarem
530 3391 608 3442 tauma,
618 3391 664 3431 alta
677 3389 733 3431 ostie
741 3389 804 3442 utere,

333 3461 360 3502 lit
368 3461 498 3512 caligantem
506 3461 569 3512 nigra
578 3460 693 3502 tormidine
702 3461 776 3500 lucum

335 3531 452 3582 ingressus,
463 3541 577 3581 manesque
586 3529 648 3582 adiit,
657 3540 773 3582 regemque
781 3529 926 3580 tremendum,

332 3604 447 3654 lieecieque
456 3602 556 3645 humenis
565 3604 664 3654 precibus
673 3612 821 3644 mansuescere
830 3603 903 3642 corde.

197 3736 238 3790 ct.
252 3738 338 3798 etiem,
355 3749 379 3790 r.
391 3736 533 3787 tau-sse:

333 3881 390 3929 Quin
399 3881 450 3934 ipen
459 3884 562 3933 stupuere
571 3881 655 3933 domus,
662 3883 704 3922 etc.

196 4018 560 4090 (aiQuaquumet‘Meronem
571 4024 656 4070 secuta
669 4019 811 4078 rideantur,
826 4018 948 4068 senecam
961 4018 1045 4069 umen
1061 4017 1088 4067 in
1102 4023 1215 4069 utentem
1230 4028 1311 4073 reto*

161 4118 240 4166 unt:
255 4127 270 4159 a
284 4110 373 4162 Audax
389 4109 429 4161 ire
442 4110 494 4160 rias
507 4109 688 4160 irremeabiles.
702 4124 716 4156 a
732 4107 834 4159 Hercul.
852 4106 900 4157 tur.
914 4105 976 4157 54¹1.

196 4199 233 4269 (5)
243 4199 354 4262 Persius,
364 4216 389 4248 v.
403 4195 457 4248 622

333 4338 448 4380 Nocturnis
452 4339 515 4389 iurat
526 4337 672 4390 impallescere
680 4337 769 4378 chartis.

198 4468 237 4520 Ol.
257 4469 335 4520 etism
349 4468 376 4519 iu
393 4470 475 4530 satyr.
487 4480 506 4528 ι,
522 4465 577 4517 262
594 4482 609 4515 a
622 4468 662 4516 Eu
679 4466 759 4528 patior
774 4466 925 4527 seniumque
939 4464 944 4512 !
960 4479 973 4511 u
994 4462 1026 4513 de
1043 4467 1115 4526 poeta
1132 4464 1213 4515 nimio
1229 4466 1315 4518 studio

169 4558 343 4610 incumbenti.
357 4585 391 4594 -
406 4558 445 4609 ct.
464 4562 490 4607 et
509 4556 670 4616 Jnreualem,
692 4574 735 4615 vn,
751 4553 785 4603 99
801 4569 807 4602 :

349 4677 404 4719 Petit
414 4677 448 4718 irie
458 4676 506 4729 plns
514 4676 615 4728 temporie
624 4679 689 4727 atque
697 4676 736 4716 olei
748 4675 804 4726 plus.

1112 4727 1127 4781 2
