3164 5214
694 378 871 440 ..41-

261 517 327 592 Sed
353 541 423 588 nou
443 515 526 588 inde
543 538 689 614 prorsus
714 515 956 588 necessarium
982 515 1158 588 habeatur
1175 528 1214 587 ut
1231 515 1354 591 Cassio

211 633 394 707 Parmensi
411 632 616 730 haseiegius
629 632 796 729 imputes.
808 632 959 705 Obstaut
970 645 1169 704 commento
1181 632 1352 730 plurima.

212 751 299 843 Quae
316 772 414 821 nuno
438 772 604 820 enarrare
625 770 689 818 nos
709 745 863 842 juvaret,
892 746 961 817 nisi
982 770 1057 818 rem
1083 745 1290 819 confecisset
1310 771 1356 819 ne

209 867 283 963 jam
300 865 336 936 in
351 865 489 961 integro
505 862 596 934 soret
608 861 827 935 clarissimus
838 879 872 934 et
886 860 1168 960 gravississimus
1183 886 1357 935 commen·

213 998 305 1057 tutor
321 979 488 1079 Ludolph
505 980 645 1068 Dissen‚
664 1005 737 1076 quo
754 981 880 1054 melius
897 997 932 1052 et
945 979 1085 1052 doctius
1098 979 1143 1052 de
1158 980 1227 1053 boo
1243 1003 1357 1079 urgu-

214 1113 333 1170 mento
350 1096 518 1168 meritum
534 1095 607 1167 fere
626 1095 803 1167 neminem
820 1095 1050 1193 cognovimus
1067 1094 1135 1191 (i)

215 1335 329 1387 codicum
349 1349 397 1398 ope
419 1336 564 1396 emendati,
589 1336 656 1399 opud
677 1330 759 1389 Moitr
779 1341 805 1386 et
825 1331 961 1387 Zimmer.
984 1335 1022 1386 ct.
1040 1337 1116 1387 etium
1137 1336 1242 1387 aiterum
1267 1335 1358 1387 eodem

215 1437 283 1474 auno
303 1424 427 1486 vulgatam
451 1430 477 1475 et
496 1426 632 1476 auctiorem
645 1424 795 1474 editionem.
823 1424 913 1474 Virum
930 1425 998 1474 iuter
1023 1426 1164 1475 Germuuos
1185 1408 1359 1474 doctissimum

216 1518 242 1563 et
252 1513 310 1575 iure
324 1508 484 1563 uohiiitutum
499 1519 615 1576 poetam,
629 1513 738 1564 vividius
754 1517 780 1563 et
796 1512 894 1563 doctior
912 1526 988 1575 quom
1000 1513 1085 1563 sanius
1099 1513 1242 1576 aggreditur
1254 1513 1360 1575 insignis

216 1602 393 1651 euostrutibur
404 1602 470 1651 Phil.
487 1602 519 1652 de
535 1597 648 1664 Gotbery
662 1599 671 1665 (
677 1597 717 1652 De
731 1595 829 1652 tibuit.
850 1597 899 1652 Vtt.
916 1602 940 1652 ei
957 1596 1146 1666 Carminibus,
1163 1601 1242 1666 1826,
1258 1601 1283 1651 iu
1301 1600 1361 1652 coi-

217 1690 276 1740 lect.
287 1690 420 1753 Lemoire).
437 1690 477 1739 uui
489 1690 596 1740 iuicrum
606 1691 683 1741 etium
701 1690 832 1752 supposuit
845 1690 1009 1752 praeeiaruret
1019 1689 1113 1752 ingenti
1129 1690 1255 1751 leporibus
1268 1689 1302 1738 V.
1318 1687 1359 1739 ci.

216 1777 316 1828 Nuudet
328 1777 472 1842 (Biogmph.
485 1777 557 1828 uuir.
571 1783 590 1828 t.
599 1797 667 1837 ηπ,
682 1792 708 1840 p.
720 1778 765 1840 25,
781 1776 850 1843 sqq.)
868 1778 959 1830 eodem
974 1791 1042 1828 auno
1059 1775 1144 1838 routh
1159 1790 1206 1828 nec
1216 1777 1320 1840 uerterit
1333 1780 1361 1825 ut

217 1866 282 1915 Lud.
293 1866 384 1916 Dissen
400 1864 494 1930 (1855)
509 1864 584 1916 silere
598 1866 718 1928 coegerit.

254 1948 292 2021 (l)
311 1954 352 2006 ci.
365 1957 395 2005 L.
408 1955 510 2016 Biston,
524 1955 551 2005 iu
563 1954 659 2007 Tibuii.
673 1958 693 2005 t.
709 1973 727 2016 1,
742 1968 768 2017 p.
784 1952 882 2004 tit-32.
