3164 5214
700 365 876 430 ...44-

213 498 317 596 cipua
336 499 404 573 suit
417 524 523 573 causa
536 501 612 574 viro
624 501 708 585 satis
722 503 876 578 litterato
891 504 1055 602 Apuleio,
1072 519 1106 577 et
1124 501 1160 575 in
1178 502 1305 601 poetis,
1320 519 1365 576 ut

213 614 320 686 nimis
336 630 483 714 apparet
499 616 567 714 (i),
586 619 871 716 occupatissim0‚
889 644 955 692 cur
972 621 1089 693 Severi
1103 643 1144 692 ac
1156 620 1366 691 Parmensis

212 731 354 802 nomina
372 747 601 828 perverteret.
616 735 796 808 Hauserat
809 735 906 808 enim
923 762 966 809 ex
978 733 1123 809 Ouidio:

372 975 487 1052 Quique
499 975 581 1036 dealt
589 976 675 1038 Latio
688 992 810 1037 mamea
821 978 919 1056 regate
932 976 1057 1038 Severus
1067 975 1122 1058 (a).

212 1192 351 1264 Poterat
366 1193 425 1265 hic
438 1217 562 1265 versus
586 1193 765 1290 tragoediae
782 1194 836 1265 vel
863 1194 931 1292 ipsi
949 1193 1114 1289 Thyestae
1126 1195 1287 1267 alludere
1302 1197 1365 1268 vi-

212 1307 312 1397 dcri;
327 1308 410 1382 inde
424 1311 568 1382 Cassius
581 1310 643 1382 itte
655 1312 804 1382 Severus
817 1311 913 1409 apud
929 1311 1141 1409 Apuleium3
1159 1310 1219 1382 sed
1231 1311 1364 1385 Ouidio

212 1445 317 1494 nemo
346 1424 438 1496 alius
465 1425 501 1495 iu
533 1442 650 1498 mente
681 1425 750 1498 suit
777 1443 903 1523 praeter
930 1425 1136 1498 Cornelium
1168 1427 1361 1520 Severum,

213 1537 422 1635 scriptorem
442 1539 541 1636 jam,
560 1540 658 1640 apud
677 1543 796 1638 ipsum
815 1541 1025 1639 Apuleium,
1046 1541 1135 1612 Belli
1156 1541 1267 1613 Siculi
1290 1543 1363 1640 (3).

213 1651 1366 1753 Indeigiturinerroremprolapsusvideturgrammaticus,etde

213 1767 291 1866 ipso
309 1769 431 1842 Cassio
454 1770 637 1843 Parmensi
663 1771 762 1843 locus
789 1786 841 1844 est
865 1770 1131 1868 intelligendus.
1151 1770 1219 1842 Sed
1241 1769 1365 1843 denuo
1452 1801 1456 1809 ·

214 1885 337 1958 eadem
356 1886 464 1959 verba
485 1887 522 1958 in
539 1886 832 1985 disceptationem
850 1885 1085 1958 vocabuntur.
1104 1886 1209 1958 Modo
1225 1902 1366 1959 constet

213 2026 284 2073 non
302 2026 404 2099 posse
423 2002 567 2100 Apuleii
584 2001 830 2075 auctoritatem
845 2001 1014 2074 adversus
1028 2003 1141 2076 Cassii
1158 2003 1363 2075 Parmensis

215 2117 408 2213 Thyestem
428 2117 617 2189 vindicari.
637 2118 851 2215 Ceteroquin
871 2143 890 2189 e
908 2117 1090 2190 notissima
1104 2117 1200 2214 apud
1222 2132 1362 2190 veteres

215 2231 336 2306 [abula
358 2234 517 2331 reliquiae
531 2235 654 2307 nuttae.

551 2479 570 2546 ὃ
589 2483 639 2532 11.
659 2481 848 2532 cusiano
866 2483 1020 2532 Brutus.

264 2689 452 2788 Scripserit
470 2703 589 2764 autem
607 2691 759 2761 Brutum
773 2688 878 2760 etiam
897 2686 1118 2786 tragoediam,
1140 2687 1184 2759 lis
1201 2702 1252 2759 est
1269 2687 1365 2760 iuter

93 2875 95 2882 .
214 2805 449 2879 doctissimos.
491 2806 702 2879 Memoravit
735 2806 878 2895 iocum,
905 2806 933 2876 si
961 2804 1069 2891 velis,
1104 2804 1217 2875 Cassii
1252 2821 1365 2901 poetae

215 2923 264 2994 M.
281 2920 420 2997 Varro:
439 2949 458 2989 a
471 2924 567 2993 Inter
580 2921 850 3018 vesperuginem
869 2936 902 2991 et
910 2917 1019 3014 jubar
1038 2918 1130 2989 dicta
1149 2944 1219 2990 nox
1235 2919 1366 2990 intem·

215 3050 314 3133 peste
325 3093 336 3126 ,
357 3052 398 3109 ut
416 3036 452 3106 in
471 3038 582 3106 Bruto
600 3034 725 3121 Cassii,
745 3033 842 3129 quod
862 3033 1000 3105 dicebat
1019 3033 1206 3120 Lucretia,

375 3276 467 3336 Nocte
478 3277 654 3350 intempesta
665 3277 795 3332 nostram
810 3271 927 3331 devenit
937 3272 1069 3332 domum.
1086 3291 1103 3328 u

217 3497 382 3586 Stichus,
401 3521 511 3593 quem
525 3475 699 3566 Varronis
718 3492 810 3565 liber
827 3492 1000 3579 servavit,
1016 3492 1122 3564 verba
1150 3493 1225 3564 sine
1252 3489 1366 3564 dubio

218 3612 393 3687 Lucretiae
414 3610 590 3698 continet,
614 3633 733 3682 coram
752 3607 960 3706 parentibus
979 3606 1023 3678 de
1039 3607 1147 3679 Sextii
1171 3607 1366 3702 Tarquinii

219 3747 344 3828 stupro
376 3725 640 3822 conquerentis.
668 3727 802 3797 Brutus
828 3748 911 3796 vero
929 3722 1060 3794 -Cassio
1090 3736 1211 3794 nostro
1235 3722 1365 3794 referri

219 3843 345 3916 debeat
369 3867 488 3914 annon
509 3839 769 3937 quaerentibus,
788 3838 881 3910 idem
899 3837 1062 3936 egregius
1087 3836 1125 3907 in
1150 3836 1304 3922 criticis,
1329 3853 1367 3910 et

220 3959 379 4055 posuisse
395 3956 568 4044 fabulam,
589 3972 635 4043 et,
651 3971 732 4027 ante
744 3979 879 4025 annum
897 3954 942 4026 U.
960 3954 1001 4023 C.
1018 3975 1159 4039 nccvm,
1177 3976 1258 4023 cum
1272 3951 1367 4024 Var-

219 4096 306 4146 rone
318 4072 636 4146 communioavisse
649 4073 890 4160 Parmensem,
909 4096 950 4142 ex
965 4069 1106 4167 publica
1121 4069 1172 4141 Μ.
1191 4069 1365 4143 Varronis

221 4205 255 4263 et
280 4189 394 4262 Cassii
417 4189 502 4278 vita,
521 4186 616 4286 Aug.
637 4186 843 4274 Weichert‚
858 4184 1058 4280 conjectura
1079 4208 1188 4281 quam
1211 4183 1365 4256 maxime

220 4544 223 4552 .
258 4497 295 4570 (t)
308 4502 349 4552 ct.
362 4500 472 4563 Madvig.
487 4501 581 4562 Opusc.
593 4497 744 4560 academica,
756 4494 885 4559 Hauaioe,
900 4495 978 4559 toas,
992 4509 1018 4558 p.
1035 4494 1078 4555 ta,
1092 4506 1149 4556 sqq.

221 4620 226 4654 :
258 4585 298 4661 (a)
314 4588 391 4642 ortd.
401 4590 447 4650 lv,
457 4601 493 4640 cn
508 4585 606 4649 Ponto,
619 4604 674 4652 xva,
688 4585 717 4639 9.

259 4677 389 4745 (3)At)¹1¹·
404 4675 441 4731 Do
453 4672 579 4745 ortooor.
593 4675 664 4742 150,
680 4677 722 4728 ed.
736 4678 834 4740 Osann,
848 4690 874 4738 p.
885 4673 912 4726 9.
