3164 5214
702 332 877 398 ...59-

214 479 411 566 Etruscus,
444 473 619 573 pessimus
653 473 713 545 iile
751 470 987 561 versificator,
1021 469 1159 545 Horatii
1203 469 1365 544 versibus

214 606 250 666 et
265 591 352 690 ipsis
372 603 691 663 commentatorum
709 587 869 662 censuris
888 602 1048 675 notatus,
1068 610 1134 685 pro
1151 583 1273 659 Cassio
1285 609 1367 658 nos·

213 720 270 780 tro
285 730 376 805 saepe
392 706 429 777 in
443 704 595 802 optimos
611 703 721 776 libros
734 701 877 800 irrepsit
892 701 959 798 (1).
979 701 1057 797 Qua
1073 700 1130 773 via
1148 699 1255 774 etiam
1273 724 1366 773 erra·

214 822 307 895 risse
324 845 395 895 non
417 842 608 920 possumus
628 818 717 916 quin
738 816 923 891 doleamus
939 817 1192 917 gravissimum
1206 813 1365 911 judicem

217 952 251 1012 et
263 936 497 1036 sagacissimae
512 934 610 1008 naris
622 933 780 1009 Richard
800 932 955 1031 Bentley
971 932 1038 1033 (2).
1056 931 1139 1026 Sed,
1158 946 1241 1008 utut
1258 956 1295 1006 se
1308 955 1366 1006 res

215 1053 357 1143 haheat,
372 1077 442 1124 non
460 1051 619 1126 historiis
639 1049 846 1123 incubuisse
860 1050 977 1123 fertur
990 1050 1051 1122 ille
1071 1049 1216 1124 Cassius
1234 1050 1365 1124 Etrus·

215 1192 292 1242 cus.
318 1169 393 1241 Nec
420 1166 497 1264 ejus
522 1190 605 1239 cum
632 1165 745 1239 Cassii
774 1166 976 1239 Parmensis
1002 1167 1148 1241 nomine
1172 1165 1366 1239 confusum

215 1307 344 1357 nomen
378 1308 419 1356 eo
448 1306 665 1380 quemquam
690 1279 867 1354 deducere
899 1281 1015 1379 potuit
1045 1297 1087 1357 ut
1112 1282 1367 1356 vocabulorum

215 1399 463 1472 communium
491 1421 612 1471 errore
640 1395 787 1469 delusus
818 1399 1049 1469 Parmenscm
1078 1397 1244 1469 Cassium
1273 1396 1368 1469 inter

215 1513 449 1586 historiarum
469 1513 660 1611 scriptores
674 1511 845 1601 deferret.
860 1511 917 1584 Ad
933 1511 1073 1584 Cassios
1086 1535 1168 1585 vere
1181 1510 1368 1586 historicos

211 1628 287 1728 jam
303 1627 562 1728 digrediamur.

265 1745 361 1839 Quos
394 1745 487 1818 inter
517 1745 708 1846 primarias
734 1743 834 1817 sedes
864 1743 999 1817 obtinet
1034 1742 1179 1815 Cassius
1199 1739 1365 1816 Hemina.
1395 1734 1398 1741 ’

214 1860 354 1934 Plinius
383 1862 482 1934 hunc
512 1860 793 1934 vetustissimum
823 1874 1004 1932 auctorem
1038 1858 1225 1931 annalium
1258 1856 1368 1929 luisse

216 1977 424 2049 memoravit
438 1977 506 2074 (3).
516 1977 636 2071 Quum
656 1976 749 2047 inter
762 1989 958 2071 utrumque
976 1974 1162 2063 Cassium,
1177 1971 1367 2044 Heminam

216 2107 251 2166 et
267 2096 509 2181 Parmcnscm,
530 2092 615 2164 anni
633 2093 892 2164 interserantur
917 2092 998 2189 plus
1016 2114 1126 2187 quam
1140 2087 1278 2160 centeni
1296 2087 1365 2185 (li),

215 2208 317 2280 nulla
332 2232 437 2280 causa
451 2223 502 2280 est
515 2232 582 2279 cur
601 2205 684 2279 inde
703 2231 861 2279 errorem
879 2206 1081 2279 derivatum
1095 2229 1170 2278 esse
1187 2201 1365 2275 videatur.

268 2323 368 2415 Alius
386 2323 454 2396 luit
471 2323 615 2396 Cassius
628 2347 734 2419 quem
750 2323 876 2394 Titum
898 2321 1062 2394 Cassium
1077 2319 1234 2418 appellat
1242 2315 1368 2414 junior

215 2438 354 2511 Plinius
373 2439 410 2511 in
435 2438 593 2536 epistolis
611 2438 679 2534 (5);
697 2440 758 2534 qui
777 2437 883 2510 etiam
897 2437 1067 2509 historias
1081 2434 1266 2533 scripsisse
1282 2459 1367 2506 ern-

215 2553 391 2627 ditissimo
409 2555 486 2626 viro
502 2553 659 2651 Scipioni
678 2553 796 2626 itaffei
818 2554 915 2624 visus
932 2565 984 2624 est
1003 2551 1072 2650 (6)
1088 2550 1227 2624 Nomen
1246 2550 1366 2646 ipsum

217 2670 291 2742 Titi
320 2669 447 2758 Cassii,
474 2668 702 2765 natalemque
717 2669 851 2758 lorum,
869 2684 904 2742 et
923 2667 1119 2757 scribendi,
1134 2664 1231 2763 quod
1244 2666 1276 2738 ei
1300 2666 1368 2736 im-

216 2803 381 2883 putatur,
416 2807 551 2882 genus,
582 2807 722 2854 summa
752 2798 827 2855 arte
857 2783 1012 2856 excussit
1045 2781 1230 2878 Augustus
1259 2778 1369 2851 Wei-

216 2901 317 2973 chert
349 2899 417 2998 (7),
445 2897 792 2994 absolutissimisque
821 2898 1042 2998 argumentis
1069 2896 1106 2969 id
1136 2893 1289 2970 coniecit
1327 2907 1369 2965 ut

252 3148 290 3216 (t)
308 3151 396 3202 Horat.
409 3147 436 3210 l,
453 3145 515 3203 Sat.
529 3168 564 3210 x,
577 3148 626 3210 oi;
642 3150 683 3200 ct.
698 3150 826 3200 schoiiast.
842 3149 994 3212 cruquian.‚
1012 3149 1126 3216 inhunc
1140 3145 1233 3196 iocum.
1248 3145 1367 3195 Errorem

214 3238 318 3290 sustulit
330 3239 434 3301 optimis
448 3239 604 3302 argumentis
618 3239 685 3301 Aug.
703 3239 843 3296 weichert,
857 3251 883 3300 p.
897 3235 1031 3287 tit-226.

251 3322 287 3393 (ἢ)
305 3327 377 3378 Rich.
391 3328 500 3389 Bennoi,
514 3327 541 3377 in
555 3329 644 3378 Horat.
659 3329 682 3390 i,
695 3332 743 3377 sat.
758 3346 786 3385 1,
800 3327 844 3376 59.
858 3327 911 3376 Nec
921 3326 1099 3376 obliviscamur
1110 3323 1177 3375 haud
1189 3321 1366 3372 brerIssinrum

215 3416 283 3477 quod
301 3417 450 3468 sabbathier
464 3415 562 3479 scripsit
573 3416 755 3466 Onomasticon
770 3414 891 3480 (Diction.
908 3428 971 3477 pour
985 3414 1113 3478 i'intetiig.
1131 3413 1176 3464 des
1190 3416 1242 3462 aut.
1265 3410 1366 3472 classiq.

215 3515 253 3565 gr.
269 3503 371 3572 ctist),
388 3509 406 3556 t.
418 3522 456 3565 rx,
467 3518 494 3567 p.
509 3504 572 3565 587,
586 3501 675 3563 Paris,
691 3504 771 3554 1770.
782 3506 838 3564 Quo
852 3504 906 3553 ioco
921 3516 950 3552 ex
961 3503 1058 3552 Horatii
1066 3500 1219 3553 carminibus
1234 3510 1286 3547 non
1300 3497 1367 3548 beno

216 3592 360 3654 intellectis,
376 3598 508 3646 Etruscum
529 3601 555 3646 et
578 3597 742 3645 parmensem
761 3595 788 3644 in
807 3607 887 3645 unum
903 3595 1037 3656 conjungit
1054 3598 1080 3643 et
1098 3591 1199 3653 colligat
1212 3600 1264 3638 non
1280 3587 1368 3639 indoc-

216 3687 265 3743 tus,
276 3685 321 3734 sed
334 3685 474 3735 incuriosus
488 3688 626 3734 enarrator.

251 3771 283 3836 (3)
303 3773 370 3824 Ptin.
382 3769 449 3825 Not.
465 3768 528 3826 hist.
539 3791 595 3834 xm,
613 3772 658 3824 15.
672 3771 821 3834 -scripstt
833 3771 909 3821 etiarn
925 3765 958 3820 de
967 3764 1144 3832 Censoribus;
1159 3774 1223 3821 teste
1233 3768 1329 3829 Nonio,
1340 3766 1367 3815 in

215 3881 241 3920 v.
255 3858 362 3918 Moliri.
376 3863 416 3914 (ii.
429 3863 496 3926 Aug.
509 3865 615 3921 Krause,
637 3862 663 3911 in
687 3862 733 3912 vit.
761 3865 787 3910 et
803 3861 987 3922 imputeter.
1005 3859 1072 3909 Hist.
1091 3872 1154 3910 rom.
1168 3855 1275 3922 Berlin,
1288 3855 1366 3916 185&

215 3961 240 4005 et
256 3956 299 4004 Pr.
315 3952 473 4011 Lachmann,
491 3947 530 4002 De
544 3943 665 4019 sontibus
679 3944 777 4000 histor.
796 3945 823 3999 Τ.
841 3945 991 4000 Liviivid.
1006 3948 1116 4006 Weich,
1133 3961 1159 4010 p.
1173 3946 1299 3996 rto-ist.

252 4036 288 4110 (4)
307 4043 356 4091 Res
365 4039 444 4102 liquet
460 4039 638 4088 excensorino
649 4038 680 4089 de
689 4037 737 4088 Die
748 4039 835 4098 natali,
848 4051 905 4099 cap.
917 4055 970 4088 xvn
985 4051 993 4086 s
1007 4056 1018 4080 ι
1033 4037 1067 4086 At
1075 4039 1134 4087 Piso
1143 4035 1366 4086 censoriusetcn.

216 4130 324 4191 Gellius,
337 4128 382 4178 sed
397 4133 423 4178 et
436 4128 536 4178 cassius
546 4128 667 4187 Hemina,
687 4127 731 4190 qui
743 4127 788 4177 iiio
803 4132 916 4189 tempore
929 4127 1038 4187 vivebat,
1052 4130 1108 4188 post
1119 4137 1214 4175 onnam
1228 4123 1304 4174 lacios
1315 4120 1369 4189 (lu-

217 4215 266 4271 dos
280 4212 426 4280 seculares)
446 4217 549 4268 tertium
567 4217 708 4273 affirmant,
719 4217 768 4266 cn.
788 4216 908 4267 cornelio
928 4216 1045 4272 Lentulo,
1063 4216 1093 4266 L.
1117 4213 1241 4265 Mummio
1259 4212 1368 4263 Achaico

216 4308 300 4364 coss..
316 4306 342 4355 id
355 4309 433 4356 estne
443 4318 512 4355 anno
538 4305 623 4355 tertio.
640 4322 652 4350 s
667 4304 736 4355 Edit.
751 4299 838 4356 uasti.
855 4304 935 4365 1528,
954 4318 980 4368 p.
991 4302 1036 4365 66,
1048 4306 1094 4355 11⁰.
1169 4360 1178 4381 .

251 4388 291 4462 (5)
310 4389 578 4462 c.1>iin.1v,iiptst.,
593 4411 684 4453 xxvnr,
698 4391 713 4459 §
729 4394 754 4445 i.

253 4479 287 4545 (6)
305 4482 372 4545 Scip.
386 4481 481 4545 Manet,
502 4477 606 4533 Verona
619 4476 779 4541 illustrata,
792 4484 867 4534 Parte
878 4481 998 4544 soconda,
1010 4481 1129 4534 contione
1142 4479 1246 4531 i'irtoria
1259 4480 1367 4531 lettera-

216 4569 268 4630 ria3
284 4584 311 4633 p.
326 4590 345 4633 1,
361 4584 388 4634 p.
400 4570 495 4622 15-19.

254 4655 293 4727 (i)
312 4661 377 4723 Aug.
389 4660 529 4722 weicheri,
542 4660 575 4712 de
588 4661 659 4711 Cass.
669 4663 754 4712 Parni.
768 4674 793 4724 p.
808 4660 933 4712 itii-190.
