3164 5214
635 696 842 773 0οΡοΤ
867 701 934 771 ΙΙ.

421 919 488 962 nult
508 919 601 964 IMR!
620 919 798 964 ulammaus
817 920 1066 965 mimmius
1084 921 1145 964 ΕΠ.

731 1131 838 1148 α

260 1316 429 1391 Romanis
463 1317 647 1390 annalium
675 1318 911 1417 scriptoribus
937 1318 1100 1392 Cassium
1132 1319 1361 1390 Parmensem

211 1433 385 1506 adscribit
400 1430 446 1506 G.
466 1433 500 1504 J.
517 1433 666 1508 Vossius
682 1433 750 1532 (l).
771 1433 873 1527 Quod
891 1433 1025 1505 mirum
1039 1433 1228 1522 habemus,
1246 1457 1362 1529 quum

212 1574 330 1635 nemo,
349 1572 394 1620 ne
413 1549 697 1622 commentarioli
715 1548 862 1647 quidem
895 1549 1091 1622 sarcinator
1116 1549 1160 1621 sit
1176 1546 1273 1645 apud
1291 1572 1386 1624 an·.

212 1664 330 1760 tiquos
354 1665 417 1761 qui
446 1665 515 1737 tale
540 1664 629 1760 quid
649 1665 881 1738 enarraverit.
900 1665 942 1737 ln
959 1689 1116 1736 errorem
1140 1664 1250 1761 igitur
1269 1662 1364 1734 dela-

211 1804 317 1878 psum
330 1805 405 1853 esse
429 1780 547 1852 virum
569 1781 663 1880 inter
681 1780 822 1854 criticos
837 1780 1008 1854 eximium
1028 1781 1201 1853 fateamur
1220 1803 1364 1852 necesse

157 1909 162 1921 ‘
211 1911 276 1968 est.
289 1895 368 1968 Non
380 1895 485 1968 cavit.
496 1895 564 1967 Sed
581 1894 937 1992 tamsubtilisjudicii
953 1896 1064 1968 aciem
1081 1920 1160 1992 quae
1175 1894 1365 1968 detorserit

211 2035 330 2099 causa,
342 2009 440 2082 haud
456 2011 602 2082 omnino
618 2012 728 2084 latere
742 2011 863 2084 forsan
878 2011 1009 2107 aliquis
1028 2011 1153 2083 merito
1171 2027 1360 2083 asseveret.

214 2125 439 2218 Quumcnim
453 2117 704 2223 inAppendice
717 2127 881 2198 homines
891 2125 1018 2199 latinos
1034 2150 1098 2198 suo
1108 2150 1286 2222 quemque
1299 2149 1364 2196 no-

213 2240 309 2312 mine
328 2241 496 2338 appellet,
516 2241 579 2336 qui
601 2242 730 2339 ecquid
749 2241 910 2315 historici
930 2241 1137 2339 scripserint
1155 2239 1272 2312 dicere
1289 2263 1363 2309 non

211 2355 332 2444 habet,
355 2357 467 2428 Cassii
483 2358 687 2447 Parmensis
701 2358 884 2456 epistolam
906 2356 951 2428 ad
964 2357 1016 2428 ill.
1032 2354 1365 2452 Antoniumindigi-

213 2487 276 2556 tat,
296 2471 581 2544 Pliniocitatam.
600 2472 755 2545 Credere
769 2487 821 2545 est
831 2473 897 2545 has
910 2472 1039 2548 Vossio
1053 2473 1145 2545 visas
1156 2497 1230 2544 esse
1240 2472 1363 2543 literas

211 2610 333 2656 rernm
347 2601 510 2663 actarum
525 2585 780 2658 documentum
794 2587 945 2683 etquasi
967 2587 1100 2660 fontem
1111 2585 1303 2683 quemdam
1320 2613 1363 2659 ex

211 2724 284 2797 quo
306 2700 359 2772 illi
382 2701 490 2773 multa
502 2757 513 2790 ,
534 2701 596 2798 qui
612 2702 797 2804 annalium
818 2728 943 2776 curam
962 2703 1197 2800 susciperent,
1213 2702 1363 2773 haurire

212 2815 1365 2913 possentetveramconficerenarrationem.Nonautemeoaddu-

211 2957 336 3004 cemur
347 2948 387 3006 ut
397 2933 519 3006 Cassio
531 2934 716 3013 Parmensi
732 2934 846 3006 alium
859 2934 1081 3032 quempiam,
1091 2950 1218 3031 praeter
1228 2933 1364 3004 Corne-

211 3047 301 3119 lium
318 3049 487 3120 Severum
502 3048 538 3119 in
552 3073 591 3120 re
603 3050 736 3147 poetica
750 3064 785 3122 et
797 3049 962 3121 Cassium
977 3049 1188 3133 Etruscum,
1203 3069 1221 3116 a
1236 3046 1364 3118 Vossio

211 3179 470 3235 commutatum
479 3189 554 3237 esse
564 3164 824 3263 credamus(2).
833 3163 916 3237 Fuit
926 3164 990 3236 iste
1004 3179 1120 3236 tamen
1129 3163 1363 3262 nonullorum

212 3276 1364 3374 errot.Conlusanominaturbationemacutissimisvirisquam-

211 3394 295 3465 dam
320 3395 529 3468 attulerunt.
559 3396 714 3496 Plurimi
740 3420 867 3493 nempe
894 3396 1058 3468 exstitere
1094 3392 1190 3493 apud
1228 3410 1364 3468 veteres

211 3510 339 3598 Cassii,
351 3525 385 3582 et
395 3508 564 3583 doctrinm
580 3527 614 3585 et
628 3511 761 3610 ingenii
772 3511 876 3583 laude
889 3511 1011 3599 notati,
1026 3535 1117 3608 qnos
1132 3535 1203 3580 non
1218 3534 1361 3608 sempor

212 3641 273 3698 aut
295 3626 524 3723 praenomine,
544 3627 836 3723 autcognomine,
858 3642 919 3699 aut
933 3627 1003 3699 alia
1013 3627 1137 3724 quavis
1153 3625 1276 3697 notula
1289 3624 1364 3699 dis-

211 3741 373 3814 criminis
395 3742 670 3840 insigniverunt.
695 3743 804 3840 Atqui
826 3742 1034 3815 Cassiorum
1052 3767 1147 3814 unus
1168 3741 1300 3814 alterve
1326 3741 1364 3812 in

212 3856 465 3955 componendis
490 3857 650 3932 historiis
670 3858 797 3930 versati
824 3874 909 3931 sunt
934 3872 996 3931 aut
1018 3872 1172 3930 versatos
1202 3881 1260 3928 eos
1287 3881 1365 3928 esse

211 3971 441 4046 crediderunt
462 3974 644 4064 homines3
673 3975 795 4073 plures
821 3974 926 4047 etiam
952 3974 1154 4069 luerequos
1174 3996 1256 4044 cum
1277 3973 1364 4044 Cas-

212 4087 264 4158 sio
286 4089 470 4160 Parmensi
495 4105 625 4162 temere
651 4089 906 4163 commiscuer'e
928 4106 1116 4163 nostrates.
1141 4088 1199 4160 Sic
1220 4088 1365 4161 Cassius

249 4310 282 4376 (t)
302 4314 369 4374 Opp.
383 4314 432 4363 vol.
446 4333 481 4372 tv,
490 4328 515 4376 p.
523 4312 584 4373 260,
592 4312 893 4377 tnappendadttonm.
900 4309 1363 4371 deuictum.Amstaroamaosa.

249 4399 286 4465 (2)
303 4401 370 4450 lbid.
391 4420 436 4461 m,
456 4415 482 4465 p.
498 4402 632 4464 aar-258,
645 4404 677 4453 de
691 4405 763 4454 Poet.
776 4403 820 4455 lat.
840 4421 868 4459 ιι.
885 4417 963 4466 quum
976 4403 1007 4454 dc
1019 4403 1105 4454 cassio
1130 4404 1269 4461 Parmensi,
1285 4417 1363 4464 quarn

215 4501 268 4540 non
280 4490 371 4539 marito
382 4484 516 4541 Severum
527 4492 648 4554 appellat,
661 4491 771 4550 disserit,
784 4493 870 4542 nescio
879 4492 940 4554 quid
951 4493 1016 4543 male
1031 4492 1166 4553 meditans,
1179 4505 1264 4542 versus
1274 4492 1364 4542 admo-

214 4578 249 4628 vit
263 4578 408 4628 horatianos
422 4591 498 4641 super
509 4581 595 4630 casalo
613 4581 720 4631 Etrusco
733 4576 803 4644 (sot.
816 4583 850 4643 X,
866 4581 913 4633 tio.
927 4579 953 4648 1),
968 4587 993 4632 et
1012 4595 1039 4633 ea
1053 4595 1109 4643 qua
1126 4582 1152 4631 in
1170 4582 1252 4632 lustit.
1267 4586 1330 4632 orat.
1346 4601 1363 4632 x

213 4668 400 4730 Quinctilianus
413 4668 445 4718 dc
456 4670 575 4721 cornelio
585 4672 678 4722 Severo
692 4671 820 4722 docuerat.
1395 4669 1397 4672 ’
