3164 5214
701 343 876 408 ..56-

213 483 417 582 longissima
430 485 490 558 vix
503 481 686 571 conlecta,
705 482 862 577 Quirites
883 481 957 579 jam
981 482 1109 557 oblitos
1125 485 1372 583 desuetosque

213 600 362 672 maturis
407 599 528 691 nimis,
559 597 704 684 hercle,
726 613 760 670 et
798 599 1098 672 veterascentibus
1125 599 1365 697 barbatisque

212 717 433 789 carminibus
448 714 493 787 ad
512 713 705 787 ridendum
720 715 906 787 convocat!
922 714 1015 810 Quid
1031 714 1317 789 incredibilius?

260 831 484 929 Perpendite,
506 852 725 927 quaesumus,
744 852 834 924 quas
862 831 898 901 in
924 831 1120 928 angustias,
1141 830 1229 902 dum
1249 833 1368 904 Cassii

214 950 336 1046 gloriae
353 948 500 1022 sedulus
518 945 718 1036 adlaborat,
734 946 852 1043 ipsum
872 947 1035 1020 Cassium
1053 948 1267 1045 germanicae
1286 949 1369 1021 cri-

213 1067 299 1137 tices
317 1064 414 1136 haud
431 1063 598 1162 ignobilis
612 1086 677 1135 nec
694 1060 883 1134 indecorus
897 1079 1109 1162 propagator
1124 1064 1366 1138 devocaverit.

212 1186 266 1255 Eo
287 1180 362 1276 jam
400 1178 626 1252 liberrimum
654 1179 836 1276 ingenium
862 1179 1164 1279 indefessumque,
1191 1183 1285 1255 inter
1316 1197 1369 1256 tot

154 1379 157 1386 ¹
212 1297 422 1368 domesticos
436 1295 628 1383 tumultus,
647 1293 853 1382 adducitur,
871 1309 911 1366 ut
926 1294 1016 1367 nibil
1026 1295 1125 1368 aliud
1139 1312 1220 1396 agat
1234 1311 1369 1394 praeter

212 1411 329 1484 studia
344 1411 406 1482 illa
421 1411 712 1510 epigrammatica
726 1409 859 1506 qulbus
872 1411 1007 1484 Urbem
1020 1411 1161 1507 assidue
1171 1414 1370 1485 conniven-

212 1544 282 1598 tem
301 1541 531 1598 commoveat.
552 1525 689 1622 Saepius
710 1525 812 1596 lusus
832 1524 1047 1622 fugatusque
1061 1527 1097 1598 in
1122 1552 1160 1598 re
1183 1527 1368 1599 maritima

212 1643 427 1715 Octavianus
443 1655 517 1730 est;
537 1641 714 1737 extemplo
742 1641 848 1712 irruit
869 1664 890 1712 a
908 1643 1026 1712 Sicilia
1044 1642 1188 1740 impigri
1214 1642 1371 1714 caehin-

212 1757 347 1830 natoris
363 1756 474 1829 Cassii
497 1756 717 1854 epigramma
734 1755 925 1828 distichon.
945 1758 1106 1830 Coenavit
1123 1757 1368 1847 octavianus3

213 1899 255 1945 ex
277 1871 495 1944 Alexandria
514 1873 666 1942 Romam
691 1871 844 1943 alterum
864 1868 939 1966 jam
957 1872 1100 1970 navigat
1118 1873 1367 1971 epigramma,

214 1988 336 2060 eodem
361 2002 506 2059 auctore
530 1986 652 2058 Cassio
675 1985 871 2058 Parmensi.
894 1987 1014 2059 Unum
1038 1986 1106 2058 hoe
1129 1987 1264 2060 seilicet
1281 1987 1371 2059 olli-

213 2092 312 2174 cium
324 2101 392 2174 sibi
407 2127 448 2173 ac
462 2125 595 2173 munus
609 2101 807 2198 proposuit,
823 2101 910 2173 dum
926 2105 1018 2174 inter
1031 2127 1145 2191 arma,
1161 2119 1223 2176 aut
1236 2104 1370 2175 saltem

213 2221 308 2291 inter
323 2217 485 2290 homines
500 2235 654 2290 armatos
672 2233 893 2305 versaretur,
914 2234 1072 2290 veterum
1090 2217 1371 2316 disciplinarum

215 2335 352 2406 hostem
373 2348 479 2430 atque
497 2356 743 2431 oppressorem
761 2332 994 2405 Octavianum
1020 2334 1254 2407 amarulentia
1282 2359 1372 2406 ver-

217 2451 346 2520 borum
377 2449 518 2520 irritare
550 2471 591 2520 aa
622 2447 835 2519 vulnerare!
870 2451 944 2521 Hoc
975 2449 1123 2522 Caesaris
1160 2474 1370 2547 percussor,

216 2565 269 2636 Μ.
290 2564 392 2636 Bruti
408 2580 443 2635 et
461 2565 504 2634 C.
525 2564 652 2651 Cassii,
673 2565 821 2637 Caesaris
837 2590 1102 2662 percussorum,
1124 2565 1220 2662 apud
1236 2567 1373 2665 Philip

216 2703 279 2778 pos
307 2679 523 2768 commilito,
552 2679 646 2752 Sexti
674 2681 832 2779 Pompeii
859 2683 1022 2780 egregius
1051 2682 1253 2770 auxiliator,
1285 2707 1372 2754 mox

220 2796 365 2869 Antonii
380 2795 496 2868 socius
510 2810 544 2868 et
558 2795 808 2894 adstipulator,
823 2796 891 2869 hoc
905 2798 1030 2884 voluit,
1050 2797 1116 2868 hoc
1130 2798 1239 2877 sensit
1255 2799 1372 2870 maxi·

218 2937 321 2984 mum
341 2911 410 2984 sibi
429 2934 505 2982 esse
523 2911 661 2983 lacinus
676 2927 710 2983 et
726 2913 922 3009 posteritati
953 2907 1369 3003 commendatissimum,

219 3029 250 3101 si
271 3028 400 3100 urbem
425 3027 576 3099 Romam
604 3026 812 3098 facetiarum
838 3028 1175 3124 cavillationumque
1192 3024 1371 3125 proventu

220 3145 439 3218 fortunaret!
457 3142 619 3228 Meliora,
639 3143 668 3212 si
690 3143 863 3231 fallimur,
880 3160 913 3216 et
927 3144 1065 3232 altiora,
1078 3145 1229 3217 tristitiis
1244 3145 1370 3233 tantis,

221 3261 366 3333 Cassius
379 3257 580 3332 Parmensis
595 3273 628 3329 ct
645 3258 825 3330 voluntate
841 3259 1014 3332 alliciebat
1030 3275 1065 3332 et
1081 3260 1229 3332 consilio
1247 3259 1372 3332 medi-

220 3378 379 3450 tabatur.

272 3491 445 3564 Novimus
478 3507 512 3564 et
540 3515 613 3587 quo
639 3490 747 3563 luerit
773 3492 811 3562 in
835 3491 1067 3564 Octavianum
1096 3491 1228 3579 animo,
1253 3505 1287 3563 et
1313 3493 1375 3566 vix

224 3607 382 3679 dubitari
407 3620 522 3704 potest
541 3605 630 3701 quin
654 3617 726 3677 tota
754 3605 886 3702 ingenii
906 3605 1098 3679 intentione
1121 3609 1158 3678 in
1185 3631 1268 3678 enm
1295 3630 1376 3679 sese

223 3722 422 3794 inverterit.
441 3721 509 3794 Sed
532 3745 604 3793 non
628 3744 722 3792 unns
750 3721 911 3793 omnium
939 3722 1001 3793 ille
1022 3722 1215 3794 intestabili
1234 3720 1316 3794 odio
1334 3722 1376 3794 in

226 3838 374 3912 Caesaris
387 3836 593 3936 adoptivum
610 3851 774 3934 nepotem
792 3836 1021 3934 deflagrabat.
1041 3838 1193 3911 Plurimi
1203 3851 1238 3909 et
1251 3838 1378 3912 Romae.

227 3969 329 4026 erant
342 3969 376 4027 et
396 3954 434 4025 in
454 3969 526 4026 toto
545 3969 723 4025 terrarum
742 3954 828 4025 orbe
847 3977 937 4049 quos
959 3968 993 4025 et
1012 3953 1204 4026 acerrimos
1226 3953 1263 4023 in
1284 3977 1378 4051 praa-

227 4068 348 4143 liando
365 4068 484 4142 hostes
500 4067 654 4142 habebat
669 4067 896 4157 Octavianus,
912 4083 946 4140 et
963 4093 1045 4140 mox
1064 4068 1100 4139 in
1121 4069 1195 4165 ipsa
1210 4067 1375 4157 victoria,

226 4200 415 4283 postquam
439 4184 558 4256 omnia
581 4183 789 4281 pacavisset,
810 4183 1067 4257 infensissimos
1085 4184 1238 4271 eosdem,
1254 4207 1380 4278 ,quan-

228 4323 337 4396 quam
371 4299 541 4373 deluncta
570 4312 606 4370 et
637 4313 813 4395 prostrata
849 4297 1080 4395 republica,
1109 4297 1377 4396 experiebatur.

230 4413 349 4507 Quum
372 4415 545 4489 diuturno
567 4412 642 4507 jam
666 4437 789 4486 rerum
817 4414 992 4511 regimine
1018 4415 1206 4502 subnixus,
1226 4413 1379 4486 dicteria

230 4531 268 4600 in
290 4530 488 4628 principem
502 4552 577 4602 sese
593 4543 655 4600 aut
672 4528 822 4601 tolerare
841 4530 1021 4619 maluerit,
1038 4546 1100 4603 aut
1112 4546 1231 4628 postea
1247 4529 1381 4604 decre-

231 4646 276 4717 tis
296 4644 549 4744 compescenda
566 4667 640 4717 esse
653 4644 846 4732 censuerit,
865 4645 1023 4738 creditis,
1042 4647 1079 4719 in
1101 4646 1244 4721 exordio
1264 4646 1382 4746 impe-
