3164 5214
702 374 745 390 ..
768 340 812 404 56
835 375 880 390 ..

214 479 345 579 egressi
358 492 456 570 sunt,
477 503 581 552 nemo
598 495 650 553 est
665 479 729 577 qui
742 503 801 553 eos
811 478 970 552 oratione
989 477 1127 550 infensa
1146 491 1293 576 tangat,
1309 479 1366 553 vix

213 608 333 667 autem
350 595 487 693 primas
509 609 573 666 aut
592 594 745 693 eupiunt
762 594 879 668 autin
896 617 936 665 eo
959 610 1046 670 sunt
1063 607 1104 666 ut
1125 592 1284 691 rapiant,
1304 618 1365 667 ex-

212 709 348 808 templo
374 711 413 782 in
434 709 589 783 hominis
603 707 680 805 jam
700 710 918 809 assurgentis
932 732 1043 781 cunas
1061 706 1251 780 oculorum
1274 709 1364 782 acies

212 823 430 915 intenditur,
457 847 499 896 ae
520 823 552 896 si
572 824 654 921 quis
676 822 759 897 inde
786 840 849 898 aut
869 823 1086 896 obscurioris
1109 823 1280 922 originis,
1305 837 1366 895 aut

211 954 368 1038 paternae
388 937 548 1028 vilitatis,
573 954 636 1013 aut
657 954 824 1013 maternae
841 937 1073 1038 ignobilitatis
1094 937 1289 1036 vestigium
1307 939 1365 1010 in-

211 1055 456 1153 trospiciatur,
474 1054 636 1128 omnium
655 1054 696 1128 fit
713 1055 880 1154 irruptio,
901 1070 935 1128 et
948 1054 1059 1126 nimia
1076 1054 1268 1127 audentem
1286 1079 1366 1127 exa·

212 1169 327 1269 gitant
341 1168 570 1257 rumoribus,
593 1183 628 1242 et
644 1169 737 1242 nihil
756 1196 829 1242 non
847 1184 983 1244 tentant
1002 1169 1195 1266 quominus
1221 1168 1366 1267 depres-

213 1307 309 1377 sum,
331 1309 373 1358 ae
396 1281 575 1379 dejectum
593 1283 742 1356 inlamia
758 1299 858 1358 ortus
873 1284 1125 1383 perstringant.
1139 1284 1263 1379 Quum
1283 1310 1366 1358 vero

213 1397 310 1474 fama
322 1400 364 1474 'et
377 1398 487 1474 armis
494 1397 571 1496 jam
587 1401 746 1474 constitit
756 1416 791 1474 et
806 1401 936 1474 multos
949 1388 1118 1500 patientia
1133 1401 1244 1473 animi
1258 1417 1367 1499 atque

212 1517 377 1617 diligenti
405 1516 584 1591 industria
610 1519 793 1617 praeteriit,
816 1544 889 1591 non
910 1517 986 1615 jam
1013 1532 1056 1592 ut
1081 1534 1196 1607 antea,
1229 1520 1367 1592 natales

212 1633 412 1730 objiciendo
429 1633 647 1726 divellieant,
664 1634 726 1707 sed
743 1657 865 1707 rerum
884 1650 917 1709 et
932 1634 1108 1708 laetorum
1126 1635 1321 1735 ignaviam,
1336 1636 1368 1709 si

205 1747 302 1846 'quid
321 1763 385 1823 aut
404 1763 510 1849 turpe
528 1763 592 1823 aut
616 1748 854 1823 deridendum
876 1749 1011 1836 lecerit,
1036 1750 1265 1849 exprobrant.
1292 1751 1366 1840 Sic,

213 1880 416 1962 postquam,
438 1863 628 1961 Apollonia
648 1864 785 1955 relicta,
805 1862 1052 1937 Brundusium
1071 1865 1188 1938 caesar
1204 1865 1369 1938 Octavia·

213 2002 283 2052 nus
313 1977 493 2069 devectus,
525 1995 560 2053 et
587 1994 737 2053 mortem
767 1978 951 2053 dictatoris
977 1978 1114 2053 audivit
1139 1997 1173 2054 et
1194 1980 1369 2054 avunculi

213 2093 457 2168 hereditatem
480 2096 630 2194 aceepit,
659 2109 695 2168 et
712 2119 815 2168 suam
841 2094 1000 2168 futuram
1026 2119 1101 2168 esse
1123 2096 1275 2168 Romam
1298 2096 1368 2170 sibi

213 2208 397 2309 pollicitus
410 2226 476 2300 est,
498 2224 532 2283 et
549 2211 702 2285 honores
717 2211 878 2301 ambivit,
895 2226 973 2284 tum
989 2211 1158 2284 eonvieiis
1169 2236 1308 2301 omnes,
1327 2237 1369 2287 ae

214 2326 412 2424 praesertim
432 2327 496 2423 qui
522 2326 655 2399 liberos
680 2350 722 2398 ao
744 2326 866 2398 civiles
892 2326 1064 2424 gerebant
1085 2327 1236 2418 animos,
1257 2326 1370 2423 juve-

215 2464 299 2514 nem
316 2441 575 2531 simulatorem,
594 2457 631 2515 at
656 2442 810 2514 maxima
827 2441 904 2537 jam
927 2440 1148 2514 affectantem
1168 2443 1367 2541 explosere,

217 2570 253 2629 et
262 2557 393 2629 avitam
408 2555 563 2629 lerinam
573 2557 780 2652 avitumque
792 2555 988 2651 collybum,
1007 2557 1044 2628 ni
1059 2556 1235 2648 fallimur,
1250 2557 1371 2632 irrise-

217 2686 317 2745 runt.
339 2671 459 2765 Quum
482 2685 614 2763 autem,
639 2695 704 2770 per
724 2671 876 2769 optimos
892 2685 955 2743 aut
971 2671 1148 2773 bellorum
1173 2670 1282 2745 duces
1306 2688 1371 2747 aut

217 2788 402 2887 regiminis
411 2788 654 2876 auxiliatores,
667 2787 780 2860 multa
794 2785 861 2859 sibi
870 2787 1100 2885 comparavit,
1114 2787 1291 2885 Lepidum
1301 2788 1370 2861 de-

214 2905 389 3002 pontavit,
405 2903 601 2976 Antonium
617 2902 731 2999 ejecit,
747 2903 957 3001 Pompeium
967 2902 1101 2992 obruit,
1115 2903 1367 2993 Octavianum,

216 3033 395 3116 potentem
421 3018 549 3116 opibus
577 3034 612 3092 et
640 3019 791 3090 civitatis
815 3017 1021 3107 dominum,
1051 3042 1122 3088 non
1147 3018 1285 3090 levibus
1303 3043 1369 3091 ea-

217 3131 373 3222 ehinuis,
398 3156 470 3203 nou
494 3156 603 3231 super
628 3132 752 3231 proavi
777 3132 930 3231 pistrino
947 3146 1053 3228 atque
1075 3132 1131 3203 avi
1157 3132 1369 3206 feneratoris

217 3247 384 3320 manibus
410 3247 619 3322 decoloratis
638 3249 802 3321 irrisione
819 3247 993 3321 subruere
1009 3260 1185 3345 poterant.
1211 3247 1282 3320 Res
1298 3273 1370 3320 na-

217 3364 323 3436 vibus
350 3378 384 3435 et
413 3363 573 3460 equitatu
604 3377 639 3436 et
665 3363 773 3436 totius
801 3363 956 3435 Orientis
982 3361 1120 3434 viribus
1146 3360 1191 3433 ad
1220 3361 1369 3437 Aetium

216 3475 417 3577 peragenda
443 3493 533 3551 erat.
560 3481 756 3553 Potuerunt
786 3501 871 3550 sane
896 3477 1003 3550 etiam
1026 3491 1103 3549 tum
1126 3474 1367 3551 conditionem

216 3593 365 3692 originis
381 3594 555 3685 cavillari,
569 3619 636 3667 nee
649 3609 767 3667 tamen
786 3592 909 3664 fecisse
927 3591 1118 3664 verisimile
1135 3608 1199 3664 est.

216 3898 232 3970 §
251 3906 320 3956 111.
340 3905 514 3967 unt-tola
527 3905 652 3957 cassu
666 3903 939 3964 (vomentes)
953 3904 1004 3953 ad
1016 3904 1063 3954 Μ.
1075 3903 1114 3953 tr.
1129 3903 1368 3955 ctoeronem.

263 4175 447 4247 Sinceram
475 4175 585 4247 fuisse
612 4175 726 4247 Cassii
752 4174 953 4247 Parmensis
971 4174 1157 4272 epistolam
1176 4173 1222 4245 ad
1245 4173 1364 4247 Anto-

212 4289 328 4377 nium,
345 4313 426 4385 quae
447 4313 468 4362 a
490 4269 608 4363 Plinio
626 4304 870 4379 memoratum
892 4290 1072 4361 sincerum
1101 4311 1177 4361 esse
1201 4302 1236 4361 et
1268 4290 1364 4387 epis-

213 4403 292 4478 tolae
309 4402 552 4501 fragmentum
577 4401 622 4475 ad
638 4404 885 4495 Octavianum,
909 4403 1005 4500 quod
1022 4403 1133 4477 tradit
1148 4404 1360 4498 Suetonius,

211 4517 371 4591 dubitari
393 4544 463 4591 non
493 4533 620 4617 potest.
654 4519 723 4591 Sed
755 4519 855 4591 luere
881 4520 1046 4592 nonnulli
1075 4519 1139 4616 qui
1173 4518 1363 4617 epistolam

212 4633 335 4715 aliam,
347 4635 398 4707 M.
415 4638 461 4707 T.
477 4635 641 4709 Ciceroni
649 4635 833 4734 scriptam,
845 4636 1022 4734 integram
1039 4651 1073 4710 et
1088 4635 1249 4733 usquein
1261 4635 1363 4711 hune
