3164 5214
696 300 867 366 ..43-

260 440 444 528 Claustro,
466 439 562 536 quod
589 441 727 514 Xerxes
751 440 932 538 quondam
957 466 1041 515 eum
1057 443 1175 517 locum
1200 444 1338 519 clausit
1352 469 1364 535 ς

212 578 315 643 nam,
337 571 377 627 ut
391 556 531 627 Ennius
548 555 597 628 ait
616 585 625 627 ε

411 797 499 870 isque
511 797 698 872 Hellesponto
711 805 830 874 pontem
841 799 991 858 contendit
1004 802 1036 858 iu
1049 800 1122 859 alto.
1140 820 1156 857 o

260 1017 334 1090 Nec
353 1014 540 1103 dissimilia
560 1016 748 1114 typothetis
767 1016 947 1090 inundavit
963 1019 1139 1092 Pariensis
1157 1019 1285 1106 editor,
1318 1048 1362 1112 a,

214 1134 328 1221 t836,
357 1133 412 1203 vir
432 1130 614 1204 omnifarii
629 1133 768 1231 generis
789 1133 950 1206 doctrina
972 1135 1169 1208 instructus
1189 1135 1251 1234 (p.
1273 1137 1361 1232 90).

211 1249 298 1344 Quae
314 1249 343 1320 si
364 1247 533 1345 recipias,
562 1272 695 1321 novum
714 1248 789 1343 jam
816 1249 951 1323 adesset
976 1252 1152 1325 Cassianae
1178 1253 1365 1350 tragoediae

212 1369 462 1465 fragmentum.
483 1365 529 1436 Et
546 1364 615 1436 hoc
636 1365 737 1437 lucro
754 1391 933 1465 apponere
948 1365 1134 1440 vellemus.
1151 1367 1219 1440 Sed
1234 1367 1364 1465 prohi-

212 1482 297 1555 bent
313 1507 358 1554 ne
376 1478 613 1554 assentiamur
638 1481 825 1552 nonnulla.
862 1484 975 1554 Totus
1001 1482 1062 1556 hic
1084 1483 1184 1555 locus
1206 1484 1362 1557 mutilus

212 1615 269 1671 est
283 1598 336 1695 (tt
347 1628 357 1686 3
380 1622 487 1668 manu
507 1595 648 1693 scriptis
663 1596 700 1665 in
723 1596 824 1668 libris
842 1596 1022 1685 omnibus,
1042 1601 1151 1696 quasi
1162 1597 1362 1694 legentium

210 1714 325 1787 oculis
343 1711 499 1784 occurrit
509 1740 519 1799 ;
540 1727 576 1782 et
591 1710 746 1783 Mueller
763 1711 839 1811 ipse
857 1735 979 1784 vocem
997 1711 1116 1784 Cassii
1127 1736 1262 1784 meram
1283 1737 1363 1786 esse

211 1827 452 1924 conjecturam
489 1825 675 1898 denuntiat
703 1826 769 1923 (2).
802 1826 875 1899 Nec
895 1827 983 1899 bene
1013 1827 1175 1924 capimus
1199 1852 1283 1917 cur,
1322 1831 1362 1900 in

212 1942 335 2043 phrasi
353 1941 550 2028 deminuta,
569 1939 677 2011 verbo
692 1946 801 2040 quasi
810 1940 1008 2013 remedium
1025 1957 1184 2039 paretur.
1200 1943 1362 2018 Plurima

212 2073 341 2131 suntet
357 2056 471 2127 vicina
489 2053 603 2152 capita
621 2055 737 2152 (xxiii,
757 2081 843 2143 xxv,
858 2080 958 2144 xxvi,
977 2056 1061 2151 etc.)
1081 2057 1118 2127 in
1134 2056 1267 2153 quihus
1282 2059 1362 2131 loca

213 2190 403 2246 auctorum
424 2169 599 2267 reperias,
622 2194 686 2240 nec
706 2169 851 2267 praehxo
868 2188 986 2242 tamen
1004 2171 1150 2269 proprio
1175 2171 1362 2270 scriptoris

213 2290 369 2360 nomine.

262 2406 355 2477 Cum
386 2403 516 2474 citetur
545 2403 638 2474 iuter
660 2401 843 2497 sequentia
860 2401 967 2474 verba
987 2427 1116 2474 nomen
1139 2401 1267 2489 Ennii,
1297 2401 1359 2474 his

213 2519 301 2617 ipsis
317 2518 493 2602 evincere,
510 2517 602 2588 salva
624 2532 740 2587 tamen
754 2518 1093 2615 manuscriptorum
1111 2516 1287 2589 librorum
1303 2542 1363 2588 re·

214 2633 392 2721 verentia,
413 2630 576 2704 tendehat
591 2630 742 2729 Spengel
761 2630 798 2701 in
816 2656 900 2703 voce
926 2638 1035 2731 quasi
1051 2633 1159 2704 latere
1180 2631 1362 2705 incertum

215 2749 381 2824 versiculi
398 2765 593 2821 auctorem.
613 2749 712 2820 Esto.
728 2748 818 2838 Sed,
836 2748 939 2820 modo
957 2748 1128 2819 hariolari
1143 2747 1262 2832 detur,
1285 2748 1363 2819 En·

213 2869 317 2938 nium
348 2865 385 2935 in
417 2865 494 2961 ipso
518 2865 670 2961 incoepto
695 2864 923 2937 collocemus.
957 2861 1116 2957 Quidni?
1150 2863 1362 2936 Ennianum

214 2983 455 3078 fragmentum
471 2979 635 3050 Enniano
647 2976 844 3076 fragmento
862 2979 1042 3076 componit
1056 3001 1218 3049 summus
1234 3001 1362 3074 gram-

214 3095 365 3166 maticus
392 3093 603 3179 Terentius,
631 3109 665 3164 et
694 3093 813 3190 priora
837 3094 1092 3189 posterioribus
1119 3092 1359 3166 commendat.

215 3209 296 3281 Non
330 3225 382 3281 est
405 3208 485 3281 novi
507 3207 689 3307 scriptoris
719 3206 852 3279 citandi
881 3226 1167 3306 peropportunus
1191 3223 1227 3279 et
1254 3209 1361 3303 quasi

216 3323 437 3396 necessarius
458 3323 572 3394 locus.
592 3322 639 3393 Et
658 3321 757 3394 lucre
779 3323 842 3419 qui
861 3339 1066 3395 truncatum
1090 3321 1362 3395 hemistichium

216 3441 309 3511 inter
330 3439 508 3523 Enniana,
533 3461 613 3531 quae
637 3437 955 3528 circumferuntur,
984 3439 1143 3511 carmina
1171 3436 1364 3508 retulerint

217 3553 367 3645 (Annal.
380 3578 441 3641 vu,
461 3554 522 3642 42,
538 3578 575 3650 p.
590 3553 651 3640 93,
667 3552 710 3622 Ε.
726 3552 795 3648 8.),
814 3571 985 3626 renuente
1004 3570 1120 3626 tamen
1131 3552 1283 3624 Mueller
1301 3552 1362 3643 (in

216 3667 369 3739 Varron.
387 3693 448 3755 vu,
468 3671 538 3757 24),
558 3692 641 3739 cum
658 3668 766 3739 Ennii
779 3668 1007 3765 Neapolitana
1018 3668 1226 3766 (Columna,
1247 3665 1362 3763 t59tt)

216 3798 250 3854 et
270 3784 395 3855 liatava
414 3783 628 3888 editionibus
641 3783 793 3879 (llessel,
814 3783 1064 3872 Amsierdam,
1085 3783 1208 3878 titii).

264 3897 407 3969 Judieio
423 3922 487 3969 nos
503 3897 716 3995 pendemus,
741 3915 774 3971 et
792 3923 906 3994 quum
931 3923 971 3970 ea
992 3899 1152 3972 Terentii
1175 3898 1221 3970 sit
1240 3897 1361 3970 clades

254 4176 292 4240 (i)
308 4178 368 4226 Post
378 4181 501 4225 serratam
511 4189 595 4226 versus
604 4177 758 4238 particulam,
770 4191 856 4228 rocem
868 4175 993 4229 claustro
1005 4177 1102 4227 iteravit
1113 4173 1228 4231 Mueller,
1243 4172 1359 4234 scotige-

218 4279 273 4316 rum
289 4267 315 4314 in
328 4266 377 4315 hcc
387 4269 496 4324 secutus,
517 4271 542 4316 et
555 4266 675 4315 Virronis
689 4279 785 4317 morem
799 4268 842 4328 qui
855 4262 933 4317 verba
946 4271 1074 4316 auctorum
1094 4264 1171 4315 verbo
1186 4263 1228 4312 illo
1243 4260 1360 4322 excipere

216 4357 304 4410 solitus
319 4355 352 4404 sit
363 4354 430 4416 quod
442 4354 602 4417 interpretari
618 4361 697 4406 curat.
712 4355 816 4406 Divinat
826 4354 949 4421 {Scaligec
967 4367 1013 4404 uec
1024 4350 1092 4404 adec'
1102 4349 1291 4403 consuetudinis
1306 4362 1361 4401 suae

217 4454 291 4498 tenax
304 4448 343 4494 est
351 4444 485 4493 Terentius
498 4450 526 4494 ut
539 4456 678 4506 nunquam,
693 4457 748 4505 que
759 4445 885 4504 moluerit,
896 4445 949 4505 jorn
961 4443 1087 4506 relinquat
1098 4443 1220 4501 institutu3
1234 4448 1303 4490 nune
1313 4449 1359 4488 re·

219 4535 280 4599 petit
290 4532 445 4583 enucleanda
460 4534 545 4596 verba,
560 4545 628 4584 nunc
636 4533 740 4584 omittit.

251 4616 289 4688 (t)
301 4623 331 4671 P.
347 4621 408 4688 iti,
424 4623 492 4685 ΞΜ.
