3164 5214
701 347 809 410 ...58
835 385 874 394 ...

211 509 290 578 qum
305 485 345 554 C.
366 485 513 557 Caesaris
528 486 710 582 legionarii
725 488 808 561 duci
822 515 899 576 suo,
915 513 1053 560 summa
1067 489 1363 584 intemperantia,

211 601 265 670 vel
277 601 368 673 inter
379 601 615 698 triumphales
629 622 834 701 apparatus,
850 604 1084 676 concinebant
1102 604 1167 701 (l).
1181 605 1366 675 Commu-

211 717 267 786 nis
284 717 358 787 haec
375 732 409 787 ct
425 715 611 812 conjuncta
628 743 693 790 vox
711 739 787 792 erat
801 720 1012 791 militarium
1027 720 1242 810 animorum,
1262 742 1365 790 unus

212 846 329 902 tamen
356 830 590 921 dictitaverat,
611 832 671 904 sed
700 835 855 907 universi
880 835 1130 921 assentiebant,
1149 834 1211 907 sed
1232 859 1364 907 versus

212 944 396 1018 libidinosi
411 947 589 1019 nerninem
606 948 675 1021 sibi
694 951 1007 1048 praescripserunt3
1027 949 1170 1048 publica
1189 973 1245 1021 res
1266 965 1360 1034 erat,

210 1086 283 1133 non
303 1062 453 1158 privata.

260 1178 334 1250 Nec
361 1178 497 1249 tantilla
524 1178 589 1265 sit,
605 1177 790 1273 judicibus
818 1181 933 1268 nobis,
951 1182 1062 1252 Cassii
1087 1181 1165 1252 lans
1184 1178 1361 1266 etfama,

212 1292 381 1365 utillum
412 1294 620 1383 credamus,
651 1293 795 1388 siquid
824 1296 967 1392 propria
993 1319 1079 1367 vena
1110 1309 1173 1367 aut
1201 1320 1220 1366 e
1246 1293 1366 1364 classe

212 1407 424 1502 Pompeiana
438 1425 498 1479 aut
509 1408 776 1480 exAlexandria
791 1411 943 1482 misisset
957 1411 1097 1495 urbem,
1113 1409 1169 1481 vel
1180 1407 1365 1480 distichon

211 1525 265 1593 vel
295 1546 397 1594 senos
425 1523 618 1594 versiculos
652 1538 790 1596 tantum
821 1524 930 1596 luisse
958 1527 1256 1621 excogitaturum.
1277 1522 1364 1593 Nou

211 1664 326 1710 nunni
341 1639 538 1711 alterumve
556 1639 834 1712 minutissimum
852 1665 994 1711 carmen
1013 1640 1150 1711 animos
1164 1654 1279 1710 tantos
1289 1637 1367 1708 ira-

212 1779 365 1850 rumque
384 1755 544 1826 civilium
568 1756 685 1827 studia
712 1756 954 1829 exsolvissent.
977 1757 1125 1846 Majora,
1147 1753 1281 1849 siquid
1305 1754 1367 1823 in·

212 1870 302 1966 tegri
321 1889 354 1942 et
373 1871 459 1941 recti
478 1894 577 1942 mens
595 1871 741 1960 divinat,
760 1872 902 1944 molitus
925 1885 1014 1942 esset
1030 1871 1091 1942 ille
1108 1869 1307 1941 indefessus
1331 1885 1367 1940 ct

213 1987 386 2057 libertatis
414 1984 544 2057 vindex
572 2000 607 2058 et
631 1986 811 2058 triumviri
837 1986 1045 2083 exagitator.
1080 1985 1232 2057 Fecisset
1265 1982 1366 2055 idem

212 2100 310 2197 quod
328 2098 518 2189 Antonius,
540 2101 617 2197 qui,
634 2126 749 2197 quum
768 2101 952 2174 Octaviani
967 2125 1067 2172 arma
1090 2120 1124 2173 et
1138 2117 1257 2198 partes
1272 2097 1368 2170 scri-

213 2214 330 2288 bendo
346 2217 451 2288 etiarn
469 2233 627 2289 evertere
640 2231 843 2304 conaretur,
860 2215 1026 2313 epistolas
1050 2216 1194 2311 scripsit
1214 2230 1247 2286 et
1265 2237 1368 2285 ama-

214 2334 373 2404 rulentas
393 2349 427 2403 et
450 2356 520 2402 non
543 2357 754 2430 perpaucas,
781 2331 964 2427 hostisque
989 2331 1045 2402 sui
1065 2349 1099 2402 et
1121 2330 1301 2427 ignaviam
1331 2344 1369 2402 et

215 2448 399 2519 infamiam
417 2447 623 2544 asperrimis
637 2447 755 2519 verbis
768 2447 991 2543 impugnavit
1010 2446 1077 2542 (2).
1094 2448 1176 2518 Haec
1189 2446 1283 2517 inter
1297 2444 1369 2517 do-

215 2563 378 2633 mesticos
395 2577 430 2632 et
444 2562 629 2634 intestinos
643 2562 795 2649 furores,
815 2561 991 2632 bellorum
1009 2578 1041 2632 et
1062 2562 1219 2657 partium
1233 2559 1365 2632 ducem

216 2677 374 2776 produnt
388 2701 429 2749 ac
446 2677 686 2764 manifestant,
705 2694 739 2750 et
756 2677 835 2748 odia
853 2676 1067 2748 intestabilis
1080 2675 1283 2773 significant
1301 2675 1369 2746 ad·

215 2793 454 2866 versariorum
481 2811 514 2864 et
540 2794 830 2865 concurrentium
851 2792 1024 2861 virorum.
1052 2791 1299 2879 simillimum,
1326 2789 1368 2860 ni

216 2911 332 3007 specie
366 2933 453 2979 vana
485 2910 706 3004 decipimur,
743 2907 944 2980 tentavisset
975 2906 1118 2977 Cassius
1146 2905 1365 2993 Parmensis,

217 3028 311 3097 inter
336 3024 519 3096 Octaviani
545 3025 661 3095 hostes
686 3039 720 3094 et
744 3022 887 3118 ingenio
905 3036 939 3092 et
958 3022 1013 3092 ira
1033 3022 1255 3093 notissimus.
1283 3019 1367 3092 Non

218 3141 359 3213 duobus
373 3139 412 3209 in
434 3138 608 3209 Siciliensi
631 3139 737 3225 bello,
758 3162 828 3208 non
850 3137 943 3208 senis
958 3151 1074 3234 postea
1096 3136 1281 3208 versiculis
1303 3158 1369 3206 ua-

220 3258 354 3355 vigium
369 3270 562 3326 onerasset.

269 3373 502 3465 Quocumque
527 3368 671 3439 demum
698 3393 735 3439 se
756 3392 812 3439 res
830 3368 972 3457 habeat,
1000 3387 1033 3441 ct
1051 3369 1087 3438 in
1101 3390 1372 3463 quamcumque

221 3506 356 3586 partem
388 3483 644 3556 sententiarum
671 3482 732 3554 fiat
757 3484 953 3570 inclinatio,
974 3509 1045 3555 non
1073 3497 1125 3554 cst
1155 3498 1274 3554 tamen
1302 3505 1374 3552 cur

223 3603 356 3674 mirum
372 3624 443 3671 non
461 3597 624 3671 videatur
654 3596 901 3694 hujuscemodi
923 3601 1110 3672 acutulum
1129 3597 1371 3697 propositum,

221 3740 294 3813 quo
305 3715 583 3812 disputationem
599 3714 800 3785 universam
820 3715 1030 3811 recolligas:
1048 3716 1128 3786 Jam
1146 3737 1166 3784 a
1183 3711 1321 3784 decimo
1337 3729 1376 3785 et

223 3833 328 3907 tertio
345 3855 438 3902 auno
456 3855 498 3902 ex
521 3828 619 3902 Urbe
632 3828 779 3917 abierat,
802 3828 967 3901 exulabat
987 3828 1131 3900 Cassius
1149 3825 1372 3899 Parmensis.

222 3948 300 4043 Quo
323 3962 526 4044 temporum
556 3945 668 4041 spatio
697 3945 952 4041 epigrammata
975 3945 1047 4014 duo
1074 3943 1111 4014 in
1134 3941 1375 4016 Octavianum

222 4066 343 4137 Romae
358 4060 600 4132 demorantem
619 4059 775 4131 conlecta
795 4075 902 4146 sunt;
924 4077 1095 4131 memorat
1113 4059 1259 4152 ἀνωνυμεί
1277 4056 1376 4128 Sue-

224 4179 343 4251 tonius
352 4207 362 4265 ;
374 4199 458 4272 ergo
474 4174 519 4246 ad
535 4176 697 4246 Cassium
715 4177 940 4247 Parmensem
954 4174 1228 4247 exterminatum
1242 4169 1374 4242 referri

224 4293 353 4366 debent
371 4311 565 4362 auctorem.

263 4576 297 4640 (1)
317 4578 356 4626 ct.
372 4576 477 4625 sueton.
497 4568 560 4624 Coes.
578 4571 856 4636 xnx;1)ioncasslus,
872 4590 941 4633 xun,
955 4571 999 4621 20.

264 4661 298 4730 (2)
317 4667 420 4716 sueton.
434 4661 506 4728 Any.
524 4682 567 4720 vn,
583 4681 635 4712 xvi.
