3164 5214
600 751 840 845 'unrur
884 773 957 845 n.

665 1008 732 1054 nula
751 1009 905 1059 amonica.

735 1292 840 1303 -ι-

254 1558 411 1628 'Exstant
437 1570 576 1642 tamen,
593 1535 894 1652 quosobjioiunt,
913 1554 1035 1626 Cassio
1057 1553 1222 1650 imputati
1249 1551 1360 1653 unde·

211 1672 337 1768 viginti
362 1695 487 1744 versus
512 1670 618 1769 epici.
640 1673 691 1743 ue
711 1669 845 1767 quibus
872 1669 1137 1768 dispiciendum
1163 1684 1239 1759 est,
1264 1693 1358 1742 uum

211 1789 352 1884 epicum
371 1790 417 1861 sit
433 1786 528 1885 quod
543 1788 581 1859 in
597 1788 648 1859 eis
663 1784 854 1885 exponitur
867 1803 1134 1886 argumentum,
1162 1809 1229 1857 neo
1240 1808 1310 1857 non
1326 1786 1356 1856 si

212 1926 293 1974 vere
309 1927 349 1974 ac
367 1902 523 2000 legitime
540 1903 662 1975 Cassio
679 1917 801 1974 nostro
820 1901 984 1977 attributi
1002 1901 1085 1975 sint.

261 2021 388 2089 Poema
414 2018 522 2116 vulgo
553 2016 686 2117 Orphei
708 2016 852 2089 nomine
881 2016 1105 2089 inscribitur.
1137 2015 1212 2088 Nec
1240 2029 1359 2087 tamen

211 2132 346 2230 Orphei
365 2131 410 2204 ad
428 2130 561 2206 inferos
576 2132 808 2231 demigrantia
827 2131 986 2204 fabulam
1000 2130 1058 2202 his
1078 2130 1238 2203 versibus
1258 2144 1358 2227 poeta

212 2249 408 2346 insignivit.
438 2249 555 2322 Satius
587 2249 710 2322 credas
733 2247 1046 2346 philosophantem
1072 2261 1226 2344 poetam,
1244 2269 1357 2341 quum

211 2364 377 2436 laborum
401 2389 442 2437 ac
465 2365 669 2437 studiorum
687 2363 888 2437 mercedem
910 2363 1149 2435 maximorum
1169 2363 1358 2434 maximam

180 2484 182 2489 '
213 2480 251 2549 in
277 2480 392 2576 gloria
415 2480 640 2576 nominisque
657 2479 860 2577 dignatione
882 2478 1054 2577 posuerit,
1086 2477 1221 2575 Orphei
1237 2501 1359 2548 exem-

212 2596 292 2692 plar
316 2594 542 2668 notissimum
569 2595 773 2693 protulisse.
798 2595 937 2693 Quippe
965 2594 1026 2667 tali
1051 2607 1172 2665 tenore
1199 2590 1359 2664 carmina

211 2727 504 2810 componuntur:
527 2711 649 2806 Quum
674 2711 833 2809 primum
851 2710 1017 2808 Orpheus
1032 2708 1207 2782 citharam
1232 2731 1360 2803 sump-

212 2828 272 2915 sit,
287 2827 393 2901 multi
414 2852 534 2899 vocem
556 2827 734 2900 indoctam
755 2826 988 2924 dissonosque
1012 2825 1206 2923 digitorum
1235 2822 1361 2920 pulsus

212 2944 336 3015 risere.
357 2924 440 3014 Mox
453 2942 590 3040 pudore
605 2957 639 3015 et
657 2941 773 3039 gloria
788 2942 968 3031 incensus,
984 2941 1129 3013 remotis
1142 2938 1217 3035 jam
1235 2938 1361 3036 pueri·

211 3057 321 3146 libus,
336 3073 369 3131 et
385 3059 519 3156 plectro
537 3058 762 3148 incumbens,
777 3056 904 3130 dulces
926 3057 1110 3130 illecebras
1124 3077 1360 3150 somnumque

212 3171 427 3270 repudiavit.
448 3175 544 3246 Tum
561 3173 690 3245 risores
703 3173 882 3262 evincens,
897 3172 1063 3271 scopulos
1079 3187 1187 3243 cantu
1204 3183 1238 3242 et
1254 3168 1361 3240 silvas
1376 3232 1379 3241 ,

213 3287 331 3361 traxit.
352 3288 447 3383 Quin
468 3288 574 3361 etiam
588 3287 736 3361 vetitum
750 3289 884 3362 Orcum
901 3287 1000 3360 adire
1026 3309 1149 3375 ausus,
1164 3285 1288 3357 Manes
1303 3283 1361 3353 de-

214 3403 337 3476 mulsit
367 3404 453 3500 lyrae
479 3405 646 3500 vocisque
677 3403 918 3476 modulamine
942 3403 1158 3475 doctissimo.
1189 3399 1361 3474 Versibus

212 3534 367 3612 quatuor
380 3517 516 3591 ultimis
533 3542 609 3590 rem
627 3533 736 3593 totam
757 3534 853 3591 vates
869 3519 1046 3590 absolvit:

332 3739 398 3798 Noa
410 3739 482 3798 levis
492 3740 659 3812 adscensus,
672 3741 697 3798 si
708 3741 774 3814 qais
783 3741 856 3815 petit
866 3739 970 3798 ardua.
986 3738 1082 3797 Sudor

333 3837 480 3896 Plurimus
490 3836 572 3896 hunc
584 3838 660 3897 tollit
676 3856 684 3896 :
700 3843 846 3896 nocturno
857 3837 1006 3896 exsomnis
1018 3835 1096 3908 olivo

334 3935 504 3992 immoritur
520 3950 528 3991 t
546 3935 651 4009 jactat,
666 3933 747 4010 quod
758 3949 825 3992 mox
839 3933 1010 3992 laudaverat
1019 3935 1049 3989 in
1063 3947 1105 3999 se,

331 4032 387 4104 Qui
398 4034 480 4107 cupit
492 4039 609 4091 aeternae
620 4032 726 4091 donari
738 4030 853 4090 frondis
864 4029 987 4089 honore.

260 4215 523 4314 Argumentum
537 4217 574 4288 iu
587 4217 643 4290 his
652 4231 763 4290 totum
775 4232 841 4304 est;
857 4229 972 4287 cetera
982 4212 1361 4285 sententiaeoruamen-

216 4346 250 4402 to
263 4348 297 4404 et
315 4330 528 4407 documento
540 4346 636 4405 sunt.
655 4331 758 4427 Quod
780 4331 812 4404 si
829 4353 920 4429 opus
937 4328 1122 4426 recolligas
1139 4323 1274 4422 etquid
1294 4324 1360 4395 sihi

212 4447 365 4544 cupierit
393 4446 544 4546 scriptor
576 4446 749 4538 attendas,
780 4447 885 4545 plane
915 4444 1136 4544 perspexeris
1165 4440 1297 4514 morale
1328 4459 1358 4509 et

212 4564 426 4660 praeclarum
444 4565 642 4663 legentibus
657 4565 838 4664 sapientiae
862 4565 1053 4662 cogitatum
1075 4557 1263 4660 splendore.
1279 4579 1361 4628 ora-
