3164 5214
699 297 873 361 -40,

210 440 362 536 protulit
373 438 568 511 llauniensi
584 439 722 526 critico,
741 452 782 510 ut
799 433 1011 508 inauditum
1030 432 1222 532 tragoediae
1236 441 1369 507 citan-

209 553 270 626 dae
299 552 578 651 modumquasi
606 554 782 626 medicina
808 566 842 624 et
874 549 1039 623 lomentis
1061 567 1217 623 curaret.
1260 554 1369 625 Hanc

210 693 332 741 ansam
355 671 509 767 arripuit
528 669 729 742 Weichert.
759 668 840 740 Non
859 666 896 738 id
912 682 1032 738 tamen
1049 667 1086 736 in
1107 666 1251 763 Madvig
1276 690 1369 738 sen-

211 785 357 856 tentiam
384 799 570 881 paraverat
599 784 645 858 V.
665 785 722 856 Cl.
746 783 879 855 Osann.
906 784 945 853 ln
971 806 1036 852 sua
1064 781 1177 879 ipsius
1205 782 1303 852 enim
1331 799 1371 854 et

210 899 354 997 Apulcii
378 899 434 971 sui
459 899 620 996 apologia
640 899 714 971 haec
740 897 1021 996 praelegebautur
1034 897 1156 989 (liceat
1170 897 1368 968 vernacula

212 1015 335 1111 lingua
353 1015 555 1109 loquentem
575 1014 769 1110 inducere)
789 1043 796 1082 :
824 1040 842 1079 κ
857 1012 1013 1084 Warum
1033 1011 1165 1083 konnte
1184 1012 1370 1108 Apuleius

212 1130 270 1201 die
287 1128 502 1225 Tragoedien
519 1128 581 1200 des
604 1131 768 1216 Severus,
795 1127 861 1199 wie
885 1151 925 1198 er
944 1127 995 1197 sie
1013 1127 1049 1197 in
1074 1127 1208 1200 seinem
1225 1128 1371 1199 Exem-

212 1244 312 1340 plare
339 1244 457 1315 himer
475 1243 644 1316 einander
663 1243 834 1342 geordnct
857 1240 955 1329 land,
975 1240 1062 1311 nich
1085 1241 1179 1313 auch
1194 1242 1231 1312 in
1246 1241 1372 1312 dieser

212 1357 388 1454 Ordnung
411 1383 457 1431 an
479 1358 610 1431 stibren
630 1358 716 1456 (l)l
733 1389 751 1428 a
781 1358 861 1430 Non
882 1357 992 1452 igitur
1016 1354 1076 1428 lias
1098 1355 1256 1428 tabulam
1277 1383 1372 1455 pro-

213 1475 313 1570 ponit
338 1472 437 1544 Frid.
455 1474 596 1562 Osann,
632 1473 694 1544 sed
715 1472 840 1545 furtim
868 1469 1022 1560 indicat,
1049 1496 1094 1543 ne
1113 1496 1197 1544 cum
1219 1472 1372 1572 Madvig

216 1588 252 1657 in
291 1587 368 1659 loco
394 1589 567 1684 impervio
595 1587 730 1661 haerere
760 1585 937 1658 videatur.
966 1586 1089 1659 Stabat
1119 1611 1186 1685 pro
1210 1589 1371 1686 geminis

215 1703 358 1799 Apuleii
383 1705 521 1793 verbis,
554 1722 587 1778 et
605 1705 768 1800 quamvis
796 1701 1035 1791 rarissimam,
1069 1727 1141 1775 non
1171 1703 1370 1774 obscuram

214 1834 332 1888 tamen
361 1818 494 1890 citandi
521 1821 638 1916 operis
665 1819 837 1890 rationem
860 1816 1038 1890 tuebatur.
1066 1818 1152 1910 Quae
1178 1842 1293 1913 quum
1316 1817 1369 1887 ita

215 1933 304 2021 sint,
333 1957 377 2004 ne
407 1934 590 2005 minimam
615 1934 760 2031 quidem
779 1934 965 2007 levissime
983 1938 1211 2028 coniecturae,
1231 1935 1371 2006 arden-

217 2048 286 2119 tius
303 2065 338 2119 et
360 2048 538 2121 incautius
552 2049 598 2121 ab
617 2049 711 2146 Aug.
729 2048 916 2122 Weichert
933 2067 1153 2149 propagatae,
1176 2049 1282 2122 sidem
1297 2051 1371 2122 ad-

212 2163 423 2261 jungamus.
455 2163 569 2257 Quam
597 2190 670 2261 prae
694 2189 731 2235 se
750 2164 833 2234 tulit
858 2164 1002 2262 Madvig
1026 2165 1303 2255 dubitationem,
1325 2191 1371 2238 ea

216 2278 396 2376 proposito
421 2277 699 2368 dissertationis,
719 2303 827 2373 quam
847 2279 1037 2368 ordinavit,
1070 2282 1250 2353 litterariae
1276 2283 1371 2354 mire

217 2394 445 2490 congruebat.
476 2394 616 2491 Quippe
644 2420 757 2490 quum
785 2396 964 2466 inanimo
988 2395 1134 2469 haberet
1164 2412 1206 2469 ut
1232 2396 1370 2468 Caecilii

217 2506 409 2580 Minutiani
432 2508 576 2604 Apulcii
602 2508 646 2580 de
664 2510 919 2608 orthographia
937 2511 1103 2583 libellum
1118 2511 1367 2602 exscinderet,

218 2645 251 2700 et
275 2625 433 2712 lurtum,
453 2625 483 2695 si
503 2624 602 2713 velis,
621 2623 879 2713 doctissimum,
901 2626 1021 2697 seculo
1036 2626 1175 2698 decimo
1189 2643 1223 2698 et
1238 2642 1370 2722 quarto

218 2742 432 2840 adsignaret,
451 2741 518 2811 hoc
534 2739 602 2812 sibi
618 2742 815 2837 praesertim
829 2741 1147 2814 demonstrandum
1162 2766 1237 2813 esse
1253 2767 1369 2841 repu-

217 2859 322 2945 tavit,
349 2872 388 2928 ut
407 2855 596 2927 citatorum
620 2856 837 2952 scriptorum
854 2877 960 2953 atque
980 2881 1149 2954 operum,
1185 2857 1222 2926 in
1242 2858 1369 2953 spurio

216 2988 460 3056 monumento,
477 2968 723 3040 auctoritatem
742 2971 983 3044 labefactaret.
1005 2973 1048 3043 Et
1067 2972 1208 3059 eximie,
1230 2988 1270 3044 ut
1285 2997 1370 3044 cen·

216 3109 336 3159 seruus
353 3081 540 3179 equidem,
565 3084 876 3181 interagendum,
906 3087 1040 3185 ingenii
1063 3112 1143 3184 quae
1163 3103 1254 3159 esset
1275 3088 1368 3159 sub-

219 3202 328 3274 tilitas
350 3195 609 3287 manilestavit;
637 3199 786 3271 sednon
807 3225 847 3273 eo
868 3226 981 3297 usque
1000 3203 1178 3300 persuasit
1203 3203 1369 3274 omnium

221 3316 380 3399 animos,
414 3330 474 3400 nt,
503 3339 547 3386 ex
568 3314 686 3386 Ovidii
706 3317 926 3388 carminibus
950 3317 1100 3413 ponticis
1122 3341 1235 3413 quum
1255 3318 1367 3390 multa

222 3430 411 3528 protulerit
428 3427 602 3524 Apuleius
618 3447 806 3503 auctorum
824 3433 989 3522 nomina,
1008 3433 1282 3530 grammaticum
1300 3433 1367 3506 ista

223 3544 343 3617 omnia
362 3543 524 3614 citavisse
541 3544 642 3617 libris
660 3570 732 3617 non
751 3548 839 3619 bene
858 3549 1051 3647 perspectis
1069 3562 1131 3620 aut
1150 3547 1256 3620 etiam
1275 3549 1368 3621 titu-

223 3661 267 3732 lis
295 3658 444 3730 arbitrio
477 3683 541 3729 suo
559 3661 684 3734 effictis
711 3678 745 3734 et
773 3664 1037 3751 commentitiis,
1067 3664 1366 3762 comprobaverit.

224 3775 314 3845 Sunt
330 3773 418 3844 certi
431 3772 583 3870 denique
596 3776 809 3848 dubitationi
827 3777 936 3867 fincs3
951 3795 983 3851 et
997 3779 1027 3850 si
1041 3779 1173 3851 erravit
1187 3779 1224 3849 in
1243 3779 1370 3853 multis

224 3888 415 3985 Apuleius,
439 3904 502 3960 aut
519 3892 555 3960 in
576 3893 697 3964 multis
717 3893 835 3964 forsan
853 3893 1020 3966 mentitus
1038 3911 1110 3983 est,
1131 3894 1246 3992 potuit
1260 3895 1369 3968 etiam

225 4029 244 4075 e
274 4003 455 4101 prioribus
480 4007 779 4079 commentariolis
807 4009 912 4105 plura
935 4011 1168 4107 expressisse;
1195 4010 1310 4108 potuit
1326 4037 1371 4084 ex

225 4115 328 4191 Velio
340 4121 474 4215 Longo,
503 4145 522 4191 e
550 4119 674 4192 Curtio
701 4121 912 4213 Valeriano,
935 4149 953 4196 e
974 4124 1162 4223 Papiriano
1180 4149 1221 4198 ac
1243 4126 1370 4199 ceteris

225 4257 315 4329 quos
331 4252 498 4306 numerat
515 4250 549 4308 et
574 4234 721 4309 advocat
742 4237 916 4335 plurimos
939 4238 1170 4314 Cassiodorus
1191 4239 1257 4338 (2),
1285 4240 1370 4313 doc-

263 4511 301 4581 (t)
315 4516 354 4565 ld.
371 4511 438 4566 luta.
454 4529 479 4577 p.
489 4515 551 4568 524.

263 4599 301 4672 (a)
316 4606 352 4655 De
367 4604 530 4667 orthograph.
547 4606 588 4657 cd.
605 4607 706 4670 Patren,
723 4621 750 4670 p.
763 4607 843 4660 anst.
