3164 5214
675 326 850 391 ..29-

237 477 304 571 Qui
339 474 501 572 sequitur
532 469 729 544 versiculus
762 469 1082 568 proscriptionibus
1111 471 1333 544 amarissime

187 592 332 681 alludit,
350 614 464 687 quum
491 588 584 660 cives
607 601 752 684 propter
769 610 850 658 vasa
875 586 1051 659 corinthia
1077 587 1269 660 nonnullos
1295 590 1333 660 in

189 707 319 780 tabulis
344 720 480 777 notatos
524 702 570 774 ab
598 701 791 775 Octaviano
819 700 977 799 credique
1002 702 1193 776 destinatos
1222 702 1333 776 luisse

190 825 282 896 inter
294 821 456 893 homines
477 817 695 890 differretur.
708 816 763 888 Ad
776 833 929 891 statuam
944 817 1034 915 ejus,
1062 819 1333 918 proscriptionis

188 956 359 1035 tempore,
379 936 526 1007 allixum
547 950 599 1006 est
617 933 862 1005 monostichon
882 938 894 1026 (
919 936 943 1030 ).

236 1053 402 1126 Tertium
421 1050 497 1147 jam
516 1050 735 1148 epigramma
758 1048 851 1120 bello
870 1049 1039 1122 siciliensi
1055 1052 1241 1149 vulgatum
1265 1065 1331 1138 est,

188 1186 272 1243 teste
291 1168 472 1255 Suetonio,
489 1165 584 1261 quod
603 1165 822 1262 improspere
835 1165 944 1262 gessit
959 1165 1187 1256 Octavianus,
1203 1167 1334 1238 adver-

186 1301 285 1358 sante
306 1281 419 1380 magis
441 1280 579 1379 ignavia
594 1303 704 1376 quam
722 1277 878 1368 fortuna,
903 1295 937 1352 et
961 1281 1144 1354 manifesta
1162 1283 1269 1356 etiam
1297 1283 1334 1353 in

185 1396 360 1472 vincendo
379 1395 489 1468 animi
504 1394 746 1483 deformitate3
767 1395 974 1491 exprobavit
985 1395 1163 1468 Antonius
1184 1397 1198 1493 (
1222 1396 1251 1494 ).

234 1517 267 1587 E
285 1513 399 1585 Cassii
420 1512 490 1585 vita
513 1528 546 1583 et
569 1509 664 1597 latis,
683 1511 746 1605 qui
765 1510 960 1583 Octaviano
976 1536 1115 1608 semper
1127 1530 1161 1585 et
1177 1513 1287 1586 luerit
1301 1529 1335 1586 et
1381 1584 1386 1597 ,

187 1630 357 1704 manserit
381 1628 565 1714 infensus,
595 1626 691 1698 eruit
712 1625 900 1698 Wcichert
923 1627 1079 1725 potuisse
1102 1628 1222 1726 ipsum
1246 1633 1336 1701 Par-

187 1770 344 1819 mensem
367 1743 607 1815 cavillationes
634 1741 699 1813 has
728 1741 909 1813 exacuisse
933 1742 1001 1840 (3).
1039 1742 1119 1815 Non
1153 1760 1271 1816 tamen
1291 1744 1336 1817 de

186 1861 301 1934 tribus
327 1860 463 1959 pariter
486 1856 678 1931 contendit.
706 1854 913 1928 Secundum
942 1855 1065 1952 abjicit
1089 1882 1130 1929 ac
1154 1859 1333 1956 repudiat.

185 1978 397 2072 Quanquam
414 1974 509 2046 enim
530 1974 648 2045 omnia
669 1973 743 2045 haec
760 1998 838 2069 quoe
856 1974 893 2043 in
908 1973 1011 2045 trinis
1031 1975 1201 2072 poematis
1219 1974 1335 2072 attigit

185 2108 300 2188 poeta,
320 2091 503 2163 victoriam
520 2088 565 2161 ad
579 2088 722 2160 Actium
742 2089 905 2160 navalem
928 2078 1206 2178 antecesserunt,
1228 2107 1335 2186 atque

186 2205 264 2278 ideo
286 2205 365 2276 vivo
389 2221 467 2277 tum
491 2204 597 2275 etiam
617 2203 739 2274 Cassio
758 2201 940 2274 Parmensi
961 2204 1135 2300 poematia
1157 2205 1223 2277 ista
1252 2230 1336 2303 pos-

185 2322 270 2411 sint,
297 2319 415 2417 quoad
435 2336 595 2415 tempora
623 2319 855 2417 computaris,
880 2317 1038 2415 legitimo
1058 2317 1141 2414 jure
1170 2322 1333 2410 attribui,

185 2461 256 2509 non
282 2436 343 2508 ille
362 2450 480 2507 tamen
498 2436 619 2507 Romae
640 2431 714 2529 jam
740 2457 780 2505 ea
794 2448 893 2506 aetate
915 2434 1202 2509 commorabatur
1220 2461 1335 2534 quum

185 2553 223 2623 in
236 2576 442 2651 oppressam
459 2550 733 2649 rempublicam
747 2550 1020 2624 triumvirorum
1036 2552 1167 2624 saevitia
1190 2555 1336 2626 incum-

186 2667 303 2757 beret,
332 2667 533 2763 tabulaeque
557 2666 843 2764 proscriptorum
869 2665 1077 2738 nominibus
1119 2667 1260 2742 refertae
1293 2693 1336 2740 ac

186 2783 371 2856 funestata
388 2782 658 2880 adspicerentur
675 2781 743 2878 (4).

233 2901 308 2972 Hoc
323 2897 434 2996 igitur
445 2896 622 2968 versiculo
635 2896 829 2983 eliminato,
844 2893 916 2966 duo
935 2913 1104 2992 superant
1121 2896 1333 2996 fragmenta,

184 3040 264 3113 quae
277 3011 399 3109 judice
418 3010 620 3101 Weichert,
647 3010 848 3084 Parmensis
867 3010 1027 3083 moribus
1047 3029 1080 3085 et
1101 3015 1181 3086 vitae
1200 3015 1335 3086 mirum

186 3131 224 3200 in
239 3126 387 3199 modum
403 3141 620 3224 congruunt.
641 3122 800 3220 Quidni?
821 3124 942 3219 Quum
963 3127 1177 3200 Octavianus
1198 3152 1336 3202 coenam

186 3243 287 3315 illam
302 3241 490 3332 famosam,
508 3264 591 3312 cum
604 3240 780 3312 ementitis
794 3238 877 3312 deos
889 3264 930 3312 ac
945 3239 1028 3312 deas
1040 3242 1211 3333 convivis,
1228 3244 1336 3316 insti-

185 3505 346 3556 tristantium
360 3505 523 3568 exagitavisse
535 3505 672 3564 Romanos,
688 3515 767 3565 quum
782 3515 835 3553 non
847 3503 912 3553 intra
927 3503 1046 3554 convivas
1056 3509 1107 3554 tres
1121 3517 1205 3567 neque
1218 3504 1279 3555 citra
1290 3518 1337 3556 no·

186 3606 243 3644 vern
254 3595 322 3645 Urbe
335 3593 434 3644 sodates
445 3593 654 3654 concederentur,
670 3591 705 3642 ita
719 3596 748 3642 ut
759 3604 774 3640 a
785 3591 929 3641 Gratiarum
943 3604 1049 3641 nurnero
1064 3592 1142 3653 incipi
1155 3606 1253 3643 coenam
1263 3595 1336 3645 sine-

185 3686 252 3741 rent,
263 3688 289 3733 et
302 3682 333 3734 ad
347 3683 476 3733 Musarum
486 3693 566 3743 usque
580 3692 714 3731 numerum
727 3678 843 3743 protendi
858 3680 1042 3738 condonarent,
1055 3684 1118 3731 teste
1128 3682 1252 3746 Varrone,
1268 3684 1336 3746 apud

189 3770 221 3820 Δ.
237 3769 306 3821 Geli.
324 3765 360 3822 N.
375 3765 457 3822 Attio.
470 3787 527 3830 xm,
543 3769 587 3819 it.

222 3857 261 3923 (i)
279 3861 385 3910 Sueten.
402 3855 423 3910 l.
441 3871 465 3910 o.

223 3942 257 4011 (2)
275 3948 381 3997 sueton.
397 3942 470 4011 Aua.
486 3964 530 3996 xvi
545 3960 552 3995 r
565 3946 626 3996 «Na
638 3944 711 3995 rectis
732 3944 834 4006 quidem
847 3944 925 3994 oculis
937 3956 995 3993 curn
1016 3943 1145 4007 adspicere
1156 3946 1268 4008 potuisse
1279 3947 1335 3998 ius-

186 4040 292 4086 tructam
303 4034 401 4085 aciem:
416 4047 504 4084 verum
514 4035 644 4096 supinum,
658 4032 747 4084 coelum
763 4032 915 4091 intuentem,
925 4031 1053 4094 stupidum
1063 4032 1194 4092 cubuisse;
1208 4047 1255 4084 nec
1266 4037 1335 4097 prius

187 4123 334 4184 surrexisse,
351 4121 522 4184 acmititibus
540 4121 567 4172 in
580 4125 743 4183 conspectum
760 4121 847 4183 inisse,
871 4133 945 4182 quom
961 4133 975 4170 a
993 4122 1029 4170 M.
1050 4121 1162 4184 Agrippa
1180 4123 1269 4184 iugata
1283 4125 1336 4174 sint

186 4210 296 4260 bostium
307 4222 416 4261 naves.»
427 4210 580 4261 Antoniana
593 4209 765 4271 exprobationi
779 4210 847 4260 baud
860 4210 1012 4259 immeritam
1025 4209 1117 4258 summi
1130 4211 1196 4259 inter
1211 4215 1334 4262 nostrates

188 4298 234 4348 viri
248 4296 405 4347 dicacitatem
426 4298 603 4360 adjungamus,
618 4298 661 4360 qui
672 4299 804 4349 Octavium
816 4298 899 4363 solum
916 4299 966 4348 iere
981 4297 1057 4347 luisse
1077 4298 1150 4360 ponit
1163 4299 1334 4351 Romanorum

187 4384 366 4446 imperatorum
378 4399 393 4435 a
406 4398 466 4448 quo,
480 4398 633 4448 quamquam
645 4386 723 4436 muita
735 4385 843 4436 ediderit
856 4385 955 4448 ignavia
969 4386 1126 4449 turpissima,
1142 4386 1263 4439 militares
1273 4389 1333 4439 ani·

186 4474 221 4522 mi
233 4486 284 4522 non
297 4473 459 4524 desciverint.
471 4471 609 4537 (Montesq.
624 4468 731 4526 Grand.
746 4476 771 4526 et
782 4468 883 4526 chad.
897 4469 945 4526 des
958 4470 1102 4537 Romulos,
1115 4470 1184 4542 ιω.)

222 4560 261 4626 (3)
274 4563 416 4625 Weichert‚
431 4577 457 4625 p.
474 4562 602 4612 avorsa.

225 4650 262 4717 (t)
272 4652 411 4713 Weicbert,
428 4665 453 4714 p.
467 4650 603 4701 282-285.
