<?xml version="1.0" encoding="UTF-8"?>
<!DOCTYPE html PUBLIC "-//W3C//DTD XHTML 1.0 Transitional//EN"
    "http://www.w3.org/TR/xhtml1/DTD/xhtml1-transitional.dtd">
<html xmlns="http://www.w3.org/1999/xhtml" xml:lang="en" lang="en">
 <head>
  <title>
</title>
<meta http-equiv="Content-Type" content="text/html;charset=utf-8" />
  <meta name='ocr-system' content='tesseract 3.04.00' />
  <meta name='ocr-capabilities' content='ocr_page ocr_carea ocr_par ocr_line ocrx_word'/>
</head>
<body>
  <div class='ocr_page' id='page_1' title='image "./decassioparmens00nicogoog_0059.png"; bbox 0 0 3164 5214; ppageno 0'>
   <div class='ocr_carea' id='block_1_1' title="bbox 700 339 877 403">
    <p class='ocr_par' dir='ltr' id='par_1_1' title="bbox 700 339 877 403">
     <span class='ocr_line' id='line_1_1' title="bbox 700 339 877 403; baseline 0 -15"><span class='ocrx_word' id='word_1_1' title='bbox 700 339 877 403; x_wconf 65' lang='lat'>...54-</span> 
     </span>
    </p>
   </div>
   <div class='ocr_carea' id='block_1_2' title="bbox 162 478 1366 924">
    <p class='ocr_par' dir='ltr' id='par_1_2' title="bbox 162 478 1366 924">
     <span class='ocr_line' id='line_1_2' title="bbox 212 478 1366 578; baseline 0.005 -25"><span class='ocrx_word' id='word_1_2' title='bbox 212 482 355 556; x_wconf 85' lang='lat' dir='ltr'>Cassius</span> <span class='ocrx_word' id='word_1_3' title='bbox 390 481 593 558; x_wconf 81' lang='lat' dir='ltr'><strong>Parmensis</strong></span> <span class='ocrx_word' id='word_1_4' title='bbox 613 478 777 578; x_wconf 78' lang='lat' dir='ltr'>dignitati</span> <span class='ocrx_word' id='word_1_5' title='bbox 795 478 1027 575; x_wconf 86' lang='lat' dir='ltr'>summaejatn</span> <span class='ocrx_word' id='word_1_6' title='bbox 1045 481 1235 557; x_wconf 89' lang='lat' dir='ltr'>imminere</span> <span class='ocrx_word' id='word_1_7' title='bbox 1252 485 1366 559; x_wconf 77' lang='lat' dir='ltr'>Caesa-</span> 
     </span>
     <span class='ocr_line' id='line_1_3' title="bbox 162 587 1362 696; baseline 0.006 -28"><span class='ocrx_word' id='word_1_8' title='bbox 162 587 167 595; x_wconf 75' lang='grc'><strong>’</strong></span> <span class='ocrx_word' id='word_1_9' title='bbox 210 597 262 671; x_wconf 83' lang='lat' dir='ltr'>ris</span> <span class='ocrx_word' id='word_1_10' title='bbox 278 598 476 685; x_wconf 79' lang='lat' dir='ltr'>haeredem,</span> <span class='ocrx_word' id='word_1_11' title='bbox 505 596 621 696; x_wconf 90' lang='lat' dir='ltr'>potuit</span> <span class='ocrx_word' id='word_1_12' title='bbox 640 595 795 668; x_wconf 87' lang='lat' dir='ltr'>scribere</span> <span class='ocrx_word' id='word_1_13' title='bbox 823 595 1009 694; x_wconf 90' lang='lat' dir='ltr'>epistolam</span> <span class='ocrx_word' id='word_1_14' title='bbox 1039 598 1085 670; x_wconf 90' lang='lat' dir='ltr'>ad</span> <span class='ocrx_word' id='word_1_15' title='bbox 1109 599 1362 674; x_wconf 87' lang='lat' dir='ltr'>Octavianum.</span> 
     </span>
     <span class='ocr_line' id='line_1_4' title="bbox 210 709 1364 812; baseline 0.003 -26"><span class='ocrx_word' id='word_1_16' title='bbox 210 712 384 786; x_wconf 88' lang='lat' dir='ltr'>Novimus</span> <span class='ocrx_word' id='word_1_17' title='bbox 402 713 498 786; x_wconf 89' lang='lat' dir='ltr'>enim</span> <span class='ocrx_word' id='word_1_18' title='bbox 515 726 603 808; x_wconf 94' lang='lat' dir='ltr'>quot</span> <span class='ocrx_word' id='word_1_19' title='bbox 621 709 826 807; x_wconf 81' lang='lat' dir='ltr'>opprobriis</span> <span class='ocrx_word' id='word_1_20' title='bbox 841 709 1025 784; x_wconf 90' lang='lat' dir='ltr'>ineuntem</span> <span class='ocrx_word' id='word_1_21' title='bbox 1037 711 1113 808; x_wconf 90' lang='lat' dir='ltr'>jam</span> <span class='ocrx_word' id='word_1_22' title='bbox 1128 737 1185 787; x_wconf 90' lang='lat' dir='ltr'>res</span> <span class='ocrx_word' id='word_1_23' title='bbox 1199 714 1364 812; x_wconf 87' lang='lat' dir='ltr'>publicas</span> 
     </span>
     <span class='ocr_line' id='line_1_5' title="bbox 211 824 1365 924; baseline 0 -23"><span class='ocrx_word' id='word_1_24' title='bbox 211 843 246 901; x_wconf 89' lang='lat' dir='ltr'>et</span> <span class='ocrx_word' id='word_1_25' title='bbox 275 826 519 900; x_wconf 84' lang='lat' dir='ltr'>subsidentem</span> <span class='ocrx_word' id='word_1_26' title='bbox 551 824 731 897; x_wconf 89' lang='lat' dir='ltr'>Antonius</span> <span class='ocrx_word' id='word_1_27' title='bbox 772 824 880 897; x_wconf 91' lang='lat' dir='ltr'>etiam</span> <span class='ocrx_word' id='word_1_28' title='bbox 922 825 997 924; x_wconf 89' lang='lat' dir='ltr'>ipse</span> <span class='ocrx_word' id='word_1_29' title='bbox 1022 827 1149 900; x_wconf 91' lang='lat' dir='ltr'>consul</span> <span class='ocrx_word' id='word_1_30' title='bbox 1198 831 1365 920; x_wconf 84' lang='lat' dir='ltr'>cumula-</span> 
     </span>
    </p>
   </div>
   <div class='ocr_carea' id='block_1_3' title="bbox 85 939 1365 1041">
    <p class='ocr_par' dir='ltr' id='par_1_3' title="bbox 85 939 1365 1041">
     <span class='ocr_line' id='line_1_6' title="bbox 85 939 1365 1041; baseline 0.006 -31"><span class='ocrx_word' id='word_1_31' title='bbox 85 982 88 988; x_wconf 95' lang='lat'><em>·</em></span> <span class='ocrx_word' id='word_1_32' title='bbox 210 942 381 1039; x_wconf 84' lang='lat' dir='ltr'>verit(l).</span> <span class='ocrx_word' id='word_1_33' title='bbox 403 942 469 1014; x_wconf 88' lang='lat' dir='ltr'>Hie</span> <span class='ocrx_word' id='word_1_34' title='bbox 494 939 667 1014; x_wconf 78' lang='lat' dir='ltr'>aemulum</span> <span class='ocrx_word' id='word_1_35' title='bbox 683 939 914 1038; x_wconf 87' lang='lat' dir='ltr'>repentinum</span> <span class='ocrx_word' id='word_1_36' title='bbox 928 957 964 1014; x_wconf 90' lang='lat' dir='ltr'>et</span> <span class='ocrx_word' id='word_1_37' title='bbox 989 941 1288 1041; x_wconf 79' lang='lat' dir='ltr'>inexspectatum,</span> <span class='ocrx_word' id='word_1_38' title='bbox 1307 945 1365 1019; x_wconf 89' lang='lat' dir='ltr'>ille</span> 
     </span>
    </p>
   </div>
   <div class='ocr_carea' id='block_1_4' title="bbox 210 1055 1372 4155">
    <p class='ocr_par' dir='ltr' id='par_1_4' title="bbox 210 1055 1368 1825">
     <span class='ocr_line' id='line_1_7' title="bbox 211 1055 1364 1146; baseline 0.003 -19"><span class='ocrx_word' id='word_1_39' title='bbox 211 1055 386 1130; x_wconf 85' lang='lat' dir='ltr'>Caesarem</span> <span class='ocrx_word' id='word_1_40' title='bbox 410 1059 577 1144; x_wconf 89' lang='lat' dir='ltr'>alterum,</span> <span class='ocrx_word' id='word_1_41' title='bbox 608 1080 742 1128; x_wconf 92' lang='lat' dir='ltr'>novnm</span> <span class='ocrx_word' id='word_1_42' title='bbox 761 1068 796 1128; x_wconf 89' lang='lat' dir='ltr'>et</span> <span class='ocrx_word' id='word_1_43' title='bbox 828 1070 1013 1129; x_wconf 88' lang='lat' dir='ltr'>nutantem</span> <span class='ocrx_word' id='word_1_44' title='bbox 1032 1056 1165 1146; x_wconf 90' lang='lat' dir='ltr'>adbuc,</span> <span class='ocrx_word' id='word_1_45' title='bbox 1193 1059 1364 1132; x_wconf 85' lang='lat' dir='ltr'>conviciis</span> 
     </span>
     <span class='ocr_line' id='line_1_8' title="bbox 210 1171 1365 1272; baseline 0.002 -26"><span class='ocrx_word' id='word_1_46' title='bbox 210 1197 341 1272; x_wconf 87' lang='lat' dir='ltr'>urgere</span> <span class='ocrx_word' id='word_1_47' title='bbox 365 1189 400 1247; x_wconf 89' lang='lat' dir='ltr'>et</span> <span class='ocrx_word' id='word_1_48' title='bbox 418 1171 646 1272; x_wconf 88' lang='lat' dir='ltr'>proscindere</span> <span class='ocrx_word' id='word_1_49' title='bbox 663 1186 867 1270; x_wconf 89' lang='lat' dir='ltr'>potuerunt.</span> <span class='ocrx_word' id='word_1_50' title='bbox 888 1171 961 1245; x_wconf 88' lang='lat' dir='ltr'>Nee</span> <span class='ocrx_word' id='word_1_51' title='bbox 975 1171 1012 1243; x_wconf 92' lang='lat' dir='ltr'>id</span> <span class='ocrx_word' id='word_1_52' title='bbox 1037 1173 1207 1271; x_wconf 89' lang='lat' dir='ltr'>temporis</span> <span class='ocrx_word' id='word_1_53' title='bbox 1231 1174 1365 1247; x_wconf 88' lang='lat' dir='ltr'>voluu-</span> 
     </span>
     <span class='ocr_line' id='line_1_9' title="bbox 212 1285 1367 1386; baseline 0.003 -24"><span class='ocrx_word' id='word_1_54' title='bbox 212 1304 283 1362; x_wconf 89' lang='lat' dir='ltr'>tate</span> <span class='ocrx_word' id='word_1_55' title='bbox 313 1309 347 1362; x_wconf 89' lang='lat' dir='ltr'>et</span> <span class='ocrx_word' id='word_1_56' title='bbox 372 1290 521 1362; x_wconf 89' lang='lat' dir='ltr'>consilio</span> <span class='ocrx_word' id='word_1_57' title='bbox 541 1285 779 1384; x_wconf 87' lang='lat' dir='ltr'>conjurabant</span> <span class='ocrx_word' id='word_1_58' title='bbox 805 1312 846 1358; x_wconf 92' lang='lat' dir='ltr'>ac</span> <span class='ocrx_word' id='word_1_59' title='bbox 872 1287 1124 1386; x_wconf 82' lang='lat' dir='ltr'>conspirabant</span> <span class='ocrx_word' id='word_1_60' title='bbox 1148 1289 1296 1363; x_wconf 88' lang='lat' dir='ltr'>Cassius</span> <span class='ocrx_word' id='word_1_61' title='bbox 1333 1307 1367 1365; x_wconf 92' lang='lat' dir='ltr'>et</span> 
     </span>
     <span class='ocr_line' id='line_1_10' title="bbox 212 1401 1367 1503; baseline 0.002 -27"><span class='ocrx_word' id='word_1_62' title='bbox 212 1402 404 1478; x_wconf 83' lang='lat' dir='ltr'>Antonius.</span> <span class='ocrx_word' id='word_1_63' title='bbox 432 1403 608 1503; x_wconf 80' lang='lat' dir='ltr'>Cogitatio</span> <span class='ocrx_word' id='word_1_64' title='bbox 634 1408 780 1498; x_wconf 90' lang='lat' dir='ltr'>utrique</span> <span class='ocrx_word' id='word_1_65' title='bbox 798 1401 974 1476; x_wconf 89' lang='lat' dir='ltr'>insidebat</span> <span class='ocrx_word' id='word_1_66' title='bbox 1001 1402 1256 1492; x_wconf 88' lang='lat' dir='ltr'>dissimillima,</span> <span class='ocrx_word' id='word_1_67' title='bbox 1277 1405 1367 1478; x_wconf 89' lang='lat' dir='ltr'>dum</span> 
     </span>
     <span class='ocr_line' id='line_1_11' title="bbox 212 1516 1367 1620; baseline 0.003 -30"><span class='ocrx_word' id='word_1_68' title='bbox 212 1519 378 1620; x_wconf 90' lang='lat' dir='ltr'>proprias</span> <span class='ocrx_word' id='word_1_69' title='bbox 394 1535 428 1593; x_wconf 94' lang='lat' dir='ltr'>et</span> <span class='ocrx_word' id='word_1_70' title='bbox 450 1520 608 1618; x_wconf 90' lang='lat' dir='ltr'>privatas</span> <span class='ocrx_word' id='word_1_71' title='bbox 625 1517 787 1590; x_wconf 79' lang='lat' dir='ltr'>fortunas</span> <span class='ocrx_word' id='word_1_72' title='bbox 807 1518 910 1606; x_wconf 88' lang='lat' dir='ltr'>alter,</span> <span class='ocrx_word' id='word_1_73' title='bbox 941 1516 1033 1590; x_wconf 90' lang='lat' dir='ltr'>alter</span> <span class='ocrx_word' id='word_1_74' title='bbox 1049 1518 1234 1616; x_wconf 82' lang='lat' dir='ltr'>publicam</span> <span class='ocrx_word' id='word_1_75' title='bbox 1254 1519 1367 1593; x_wconf 85' lang='lat' dir='ltr'>Urbis</span> 
     </span>
     <span class='ocr_line' id='line_1_12' title="bbox 214 1632 1368 1734; baseline 0 -28"><span class='ocrx_word' id='word_1_76' title='bbox 214 1633 458 1732; x_wconf 77' lang='lat' dir='ltr'>dignationem</span> <span class='ocrx_word' id='word_1_77' title='bbox 480 1648 767 1734; x_wconf 85' lang='lat' dir='ltr'>persequeretur.</span> <span class='ocrx_word' id='word_1_78' title='bbox 787 1633 940 1729; x_wconf 89' lang='lat' dir='ltr'>Utrique</span> <span class='ocrx_word' id='word_1_79' title='bbox 962 1649 1080 1706; x_wconf 91' lang='lat' dir='ltr'>tamen</span> <span class='ocrx_word' id='word_1_80' title='bbox 1100 1632 1228 1706; x_wconf 86' lang='lat' dir='ltr'>obvius</span> <span class='ocrx_word' id='word_1_81' title='bbox 1245 1648 1282 1706; x_wconf 90' lang='lat' dir='ltr'>et</span> <span class='ocrx_word' id='word_1_82' title='bbox 1305 1634 1368 1706; x_wconf 93' lang='lat' dir='ltr'>in-</span> 
     </span>
     <span class='ocr_line' id='line_1_13' title="bbox 213 1749 656 1825; baseline 0.002 -5"><span class='ocrx_word' id='word_1_83' title='bbox 213 1749 311 1823; x_wconf 82' lang='lat' dir='ltr'>visus</span> <span class='ocrx_word' id='word_1_84' title='bbox 333 1767 409 1824; x_wconf 91' lang='lat' dir='ltr'>erat</span> <span class='ocrx_word' id='word_1_85' title='bbox 426 1749 656 1825; x_wconf 88' lang='lat' dir='ltr'>Octavianus.</span> 
     </span>
    </p>

    <p class='ocr_par' dir='ltr' id='par_1_5' title="bbox 214 1861 1371 3230">
     <span class='ocr_line' id='line_1_14' title="bbox 263 1861 1366 1961; baseline -0.003 -23"><span class='ocrx_word' id='word_1_86' title='bbox 263 1866 338 1938; x_wconf 84' lang='lat' dir='ltr'>Nec</span> <span class='ocrx_word' id='word_1_87' title='bbox 356 1864 489 1937; x_wconf 89' lang='lat' dir='ltr'>idcirco</span> <span class='ocrx_word' id='word_1_88' title='bbox 525 1865 590 1938; x_wconf 91' lang='lat' dir='ltr'>ista</span> <span class='ocrx_word' id='word_1_89' title='bbox 609 1864 759 1937; x_wconf 77' lang='lat' dir='ltr'>inhaeret</span> <span class='ocrx_word' id='word_1_90' title='bbox 784 1864 822 1935; x_wconf 92' lang='lat' dir='ltr'>in</span> <span class='ocrx_word' id='word_1_91' title='bbox 848 1863 1019 1936; x_wconf 89' lang='lat' dir='ltr'>sententia</span> <span class='ocrx_word' id='word_1_92' title='bbox 1047 1861 1142 1961; x_wconf 88' lang='lat' dir='ltr'>Aug.</span> <span class='ocrx_word' id='word_1_93' title='bbox 1161 1862 1366 1952; x_wconf 91' lang='lat' dir='ltr'>Weichert,</span> 
     </span>
     <span class='ocr_line' id='line_1_15' title="bbox 215 1976 1371 2078; baseline -0.003 -25"><span class='ocrx_word' id='word_1_94' title='bbox 215 1994 251 2053; x_wconf 92' lang='lat' dir='ltr'>et</span> <span class='ocrx_word' id='word_1_95' title='bbox 263 1980 432 2078; x_wconf 88' lang='lat' dir='ltr'>scriptam</span> <span class='ocrx_word' id='word_1_96' title='bbox 451 2003 526 2053; x_wconf 85' lang='lat' dir='ltr'>esse</span> <span class='ocrx_word' id='word_1_97' title='bbox 549 1978 773 2052; x_wconf 80' lang='lat' dir='ltr'>Alexandriae</span> <span class='ocrx_word' id='word_1_98' title='bbox 786 1994 893 2074; x_wconf 88' lang='lat' dir='ltr'>atque</span> <span class='ocrx_word' id='word_1_99' title='bbox 920 1976 966 2050; x_wconf 86' lang='lat' dir='ltr'>ad</span> <span class='ocrx_word' id='word_1_100' title='bbox 993 1978 1228 2052; x_wconf 87' lang='lat' dir='ltr'>Octavianum</span> <span class='ocrx_word' id='word_1_101' title='bbox 1246 1980 1371 2052; x_wconf 79' lang='lat' dir='ltr'>Romae</span> 
     </span>
     <span class='ocr_line' id='line_1_16' title="bbox 214 2092 1371 2191; baseline -0.001 -26"><span class='ocrx_word' id='word_1_102' title='bbox 214 2093 457 2168; x_wconf 88' lang='lat' dir='ltr'>demorantem</span> <span class='ocrx_word' id='word_1_103' title='bbox 489 2093 634 2167; x_wconf 89' lang='lat' dir='ltr'>missam</span> <span class='ocrx_word' id='word_1_104' title='bbox 660 2093 851 2191; x_wconf 90' lang='lat' dir='ltr'>epistolam</span> <span class='ocrx_word' id='word_1_105' title='bbox 868 2092 982 2165; x_wconf 88' lang='lat' dir='ltr'>satius</span> <span class='ocrx_word' id='word_1_106' title='bbox 1010 2093 1186 2166; x_wconf 85' lang='lat' dir='ltr'>existimat</span> <span class='ocrx_word' id='word_1_107' title='bbox 1210 2092 1283 2190; x_wconf 87' lang='grc'>(2).</span> <span class='ocrx_word' id='word_1_108' title='bbox 1302 2095 1371 2166; x_wconf 90' lang='lat' dir='ltr'>Per</span> 
     </span>
     <span class='ocr_line' id='line_1_17' title="bbox 215 2210 1371 2309; baseline -0.001 -26"><span class='ocrx_word' id='word_1_109' title='bbox 215 2235 280 2285; x_wconf 90' lang='lat' dir='ltr'>nos</span> <span class='ocrx_word' id='word_1_110' title='bbox 295 2211 395 2302; x_wconf 83' lang='lat' dir='ltr'>licet3</span> <span class='ocrx_word' id='word_1_111' title='bbox 416 2236 529 2308; x_wconf 89' lang='lat' dir='ltr'>quum</span> <span class='ocrx_word' id='word_1_112' title='bbox 540 2212 650 2300; x_wconf 91' lang='lat' dir='ltr'>enim,</span> <span class='ocrx_word' id='word_1_113' title='bbox 670 2210 859 2309; x_wconf 86' lang='lat' dir='ltr'>profligato</span> <span class='ocrx_word' id='word_1_114' title='bbox 878 2211 982 2283; x_wconf 87' lang='lat' dir='ltr'>Sexto</span> <span class='ocrx_word' id='word_1_115' title='bbox 999 2210 1180 2307; x_wconf 91' lang='lat' dir='ltr'>Pompeio,</span> <span class='ocrx_word' id='word_1_116' title='bbox 1200 2210 1246 2282; x_wconf 92' lang='lat' dir='ltr'>ad</span> <span class='ocrx_word' id='word_1_117' title='bbox 1262 2211 1371 2284; x_wconf 85' lang='lat' dir='ltr'>fasti-</span> 
     </span>
     <span class='ocr_line' id='line_1_18' title="bbox 216 2325 1371 2427; baseline 0 -29"><span class='ocrx_word' id='word_1_118' title='bbox 216 2327 273 2427; x_wconf 92' lang='lat' dir='ltr'>gia</span> <span class='ocrx_word' id='word_1_119' title='bbox 307 2343 532 2424; x_wconf 90' lang='lat' dir='ltr'>grassaretur</span> <span class='ocrx_word' id='word_1_120' title='bbox 566 2327 802 2415; x_wconf 89' lang='lat' dir='ltr'>Octavianus,</span> <span class='ocrx_word' id='word_1_121' title='bbox 840 2326 1022 2423; x_wconf 88' lang='lat' dir='ltr'>graviores</span> <span class='ocrx_word' id='word_1_122' title='bbox 1049 2325 1169 2423; x_wconf 90' lang='lat' dir='ltr'>ipsum</span> <span class='ocrx_word' id='word_1_123' title='bbox 1199 2326 1298 2401; x_wconf 84' lang='lat' dir='ltr'>inter</span> <span class='ocrx_word' id='word_1_124' title='bbox 1334 2341 1371 2399; x_wconf 91' lang='lat' dir='ltr'>et</span> 
     </span>
     <span class='ocr_line' id='line_1_19' title="bbox 217 2439 1367 2531; baseline 0.001 -18"><span class='ocrx_word' id='word_1_125' title='bbox 217 2441 413 2515; x_wconf 91' lang='lat' dir='ltr'>Antonium</span> <span class='ocrx_word' id='word_1_126' title='bbox 443 2467 607 2516; x_wconf 86' lang='lat' dir='ltr'>exarsere</span> <span class='ocrx_word' id='word_1_127' title='bbox 641 2440 854 2528; x_wconf 89' lang='lat' dir='ltr'>simultates,</span> <span class='ocrx_word' id='word_1_128' title='bbox 878 2456 912 2514; x_wconf 92' lang='lat' dir='ltr'>et</span> <span class='ocrx_word' id='word_1_129' title='bbox 936 2439 1042 2531; x_wconf 90' lang='lat' dir='ltr'>odia,</span> <span class='ocrx_word' id='word_1_130' title='bbox 1063 2458 1096 2513; x_wconf 91' lang='lat' dir='ltr'>et</span> <span class='ocrx_word' id='word_1_131' title='bbox 1126 2443 1367 2515; x_wconf 69' lang='lat' dir='ltr'>contumeliae.</span> 
     </span>
     <span class='ocr_line' id='line_1_20' title="bbox 217 2555 1369 2652; baseline 0.003 -25"><span class='ocrx_word' id='word_1_132' title='bbox 217 2555 389 2629; x_wconf 89' lang='lat' dir='ltr'>Auctores</span> <span class='ocrx_word' id='word_1_133' title='bbox 417 2574 501 2631; x_wconf 89' lang='lat' dir='ltr'>sunt</span> <span class='ocrx_word' id='word_1_134' title='bbox 534 2572 568 2630; x_wconf 88' lang='lat' dir='ltr'>et</span> <span class='ocrx_word' id='word_1_135' title='bbox 600 2555 792 2628; x_wconf 88' lang='lat' dir='ltr'>Suetonius</span> <span class='ocrx_word' id='word_1_136' title='bbox 819 2556 872 2652; x_wconf 78' lang='grc'>(3)</span> <span class='ocrx_word' id='word_1_137' title='bbox 903 2570 937 2629; x_wconf 89' lang='lat' dir='ltr'>et</span> <span class='ocrx_word' id='word_1_138' title='bbox 975 2556 1181 2629; x_wconf 88' lang='lat' dir='ltr'>Cremutius</span> <span class='ocrx_word' id='word_1_139' title='bbox 1224 2557 1369 2630; x_wconf 92' lang='lat' dir='ltr'>Cordus</span> 
     </span>
     <span class='ocr_line' id='line_1_21' title="bbox 216 2669 1368 2768; baseline 0.004 -28"><span class='ocrx_word' id='word_1_140' title='bbox 216 2669 312 2767; x_wconf 91' lang='lat' dir='ltr'>apud</span> <span class='ocrx_word' id='word_1_141' title='bbox 348 2672 515 2745; x_wconf 85' lang='lat' dir='ltr'>Tacitum</span> <span class='ocrx_word' id='word_1_142' title='bbox 551 2671 620 2768; x_wconf 77' lang='lat' dir='ltr'>(l).</span> <span class='ocrx_word' id='word_1_143' title='bbox 653 2669 839 2743; x_wconf 80' lang='lat' dir='ltr'>Deiecerat</span> <span class='ocrx_word' id='word_1_144' title='bbox 869 2669 945 2765; x_wconf 88' lang='lat' dir='ltr'>jam</span> <span class='ocrx_word' id='word_1_145' title='bbox 980 2686 1058 2744; x_wconf 91' lang='lat' dir='ltr'>tum</span> <span class='ocrx_word' id='word_1_146' title='bbox 1088 2670 1133 2745; x_wconf 89' lang='lat' dir='ltr'>ad</span> <span class='ocrx_word' id='word_1_147' title='bbox 1166 2671 1368 2745; x_wconf 91' lang='lat' dir='ltr'>Antonium</span> 
     </span>
     <span class='ocr_line' id='line_1_22' title="bbox 216 2784 1370 2877; baseline 0.003 -21"><span class='ocrx_word' id='word_1_148' title='bbox 216 2784 359 2858; x_wconf 86' lang='lat' dir='ltr'>Cassius</span> <span class='ocrx_word' id='word_1_149' title='bbox 387 2786 606 2876; x_wconf 88' lang='lat' dir='ltr'>Parmensis,</span> <span class='ocrx_word' id='word_1_150' title='bbox 639 2810 733 2859; x_wconf 92' lang='lat' dir='ltr'>anno</span> <span class='ocrx_word' id='word_1_151' title='bbox 759 2785 806 2858; x_wconf 82' lang='lat' dir='ltr'>U.</span> <span class='ocrx_word' id='word_1_152' title='bbox 841 2787 884 2857; x_wconf 83' lang='lat' dir='ltr'>C.</span> <span class='ocrx_word' id='word_1_153' title='bbox 921 2812 1070 2877; x_wconf 87' lang='lat' dir='ltr'>uccx1x;</span> <span class='ocrx_word' id='word_1_154' title='bbox 1100 2801 1135 2859; x_wconf 90' lang='lat' dir='ltr'>et</span> <span class='ocrx_word' id='word_1_155' title='bbox 1158 2785 1291 2859; x_wconf 89' lang='lat' dir='ltr'>eisdem</span> <span class='ocrx_word' id='word_1_156' title='bbox 1322 2812 1370 2860; x_wconf 84' lang='lat' dir='ltr'>ex</span> 
     </span>
     <span class='ocr_line' id='line_1_23' title="bbox 218 2900 1369 2998; baseline 0.003 -28"><span class='ocrx_word' id='word_1_157' title='bbox 218 2901 382 2998; x_wconf 89' lang='lat' dir='ltr'>partibus</span> <span class='ocrx_word' id='word_1_158' title='bbox 398 2900 592 2998; x_wconf 86' lang='lat' dir='ltr'>eodemque</span> <span class='ocrx_word' id='word_1_159' title='bbox 617 2900 759 2990; x_wconf 86' lang='lat' dir='ltr'>vexillo,</span> <span class='ocrx_word' id='word_1_160' title='bbox 779 2900 881 2996; x_wconf 90' lang='lat' dir='ltr'>quasi</span> <span class='ocrx_word' id='word_1_161' title='bbox 900 2900 1125 2974; x_wconf 88' lang='lat' dir='ltr'>voluntarius</span> <span class='ocrx_word' id='word_1_162' title='bbox 1143 2900 1259 2991; x_wconf 85' lang='lat' dir='ltr'>miles,</span> <span class='ocrx_word' id='word_1_163' title='bbox 1277 2901 1369 2974; x_wconf 93' lang='lat' dir='ltr'>dum</span> 
     </span>
     <span class='ocr_line' id='line_1_24' title="bbox 218 3015 1368 3116; baseline 0.002 -28"><span class='ocrx_word' id='word_1_164' title='bbox 218 3015 365 3088; x_wconf 83' lang='lat' dir='ltr'>silerent</span> <span class='ocrx_word' id='word_1_165' title='bbox 382 3016 501 3088; x_wconf 89' lang='lat' dir='ltr'>adhuc</span> <span class='ocrx_word' id='word_1_166' title='bbox 531 3041 645 3106; x_wconf 88' lang='lat' dir='ltr'>arma,</span> <span class='ocrx_word' id='word_1_167' title='bbox 672 3018 710 3088; x_wconf 93' lang='lat' dir='ltr'>in</span> <span class='ocrx_word' id='word_1_168' title='bbox 736 3017 977 3089; x_wconf 88' lang='lat' dir='ltr'>amarulentas</span> <span class='ocrx_word' id='word_1_169' title='bbox 995 3017 1200 3107; x_wconf 89' lang='lat' dir='ltr'>irrisiones,</span> <span class='ocrx_word' id='word_1_170' title='bbox 1223 3019 1368 3116; x_wconf 89' lang='lat' dir='ltr'>egregia</span> 
     </span>
     <span class='ocr_line' id='line_1_25' title="bbox 216 3131 1008 3230; baseline -0.003 -26"><span class='ocrx_word' id='word_1_171' title='bbox 216 3133 419 3229; x_wconf 90' lang='lat' dir='ltr'>scriptione,</span> <span class='ocrx_word' id='word_1_172' title='bbox 435 3158 499 3229; x_wconf 92' lang='lat' dir='ltr'>per</span> <span class='ocrx_word' id='word_1_173' title='bbox 517 3132 702 3230; x_wconf 89' lang='lat' dir='ltr'>epistolam</span> <span class='ocrx_word' id='word_1_174' title='bbox 715 3131 924 3230; x_wconf 85' lang='lat' dir='ltr'>erumpebat</span> <span class='ocrx_word' id='word_1_175' title='bbox 941 3135 953 3225; x_wconf 92' lang='lat'>(</span> <span class='ocrx_word' id='word_1_176' title='bbox 977 3131 1008 3229; x_wconf 92' lang='lat'>).</span> 
     </span>
    </p>

    <p class='ocr_par' dir='ltr' id='par_1_6' title="bbox 215 3246 1372 4155">
     <span class='ocr_line' id='line_1_26' title="bbox 264 3246 1369 3346; baseline 0.003 -28"><span class='ocrx_word' id='word_1_177' title='bbox 264 3248 459 3334; x_wconf 88' lang='lat' dir='ltr'>Concessit,</span> <span class='ocrx_word' id='word_1_178' title='bbox 482 3264 523 3320; x_wconf 90' lang='lat' dir='ltr'>ut</span> <span class='ocrx_word' id='word_1_179' title='bbox 546 3247 774 3320; x_wconf 79' lang='lat' dir='ltr'>manifestum</span> <span class='ocrx_word' id='word_1_180' title='bbox 800 3264 865 3336; x_wconf 89' lang='lat' dir='ltr'>est,</span> <span class='ocrx_word' id='word_1_181' title='bbox 886 3273 958 3345; x_wconf 94' lang='lat' dir='ltr'>quo</span> <span class='ocrx_word' id='word_1_182' title='bbox 979 3246 1186 3319; x_wconf 86' lang='lat' dir='ltr'>deerremus</span> <span class='ocrx_word' id='word_1_183' title='bbox 1206 3261 1241 3319; x_wconf 92' lang='lat' dir='ltr'>et</span> <span class='ocrx_word' id='word_1_184' title='bbox 1259 3270 1369 3346; x_wconf 86' lang='lat' dir='ltr'>vage-</span> 
     </span>
     <span class='ocr_line' id='line_1_27' title="bbox 215 3361 1367 3461; baseline 0.002 -27"><span class='ocrx_word' id='word_1_185' title='bbox 215 3387 312 3453; x_wconf 88' lang='lat' dir='ltr'>mur,</span> <span class='ocrx_word' id='word_1_186' title='bbox 337 3363 525 3437; x_wconf 78' lang='lat' dir='ltr'>latifundia</span> <span class='ocrx_word' id='word_1_187' title='bbox 548 3363 749 3439; x_wconf 88' lang='lat' dir='ltr'>Weicbert.</span> <span class='ocrx_word' id='word_1_188' title='bbox 769 3362 827 3436; x_wconf 98' lang='lat' dir='ltr'>Ab</span> <span class='ocrx_word' id='word_1_189' title='bbox 852 3363 927 3460; x_wconf 91' lang='lat' dir='ltr'>ipsa</span> <span class='ocrx_word' id='word_1_190' title='bbox 950 3387 1049 3461; x_wconf 86' lang='lat' dir='ltr'>paene</span> <span class='ocrx_word' id='word_1_191' title='bbox 1068 3361 1253 3435; x_wconf 87' lang='lat' dir='ltr'>Octaviani</span> <span class='ocrx_word' id='word_1_192' title='bbox 1273 3362 1367 3436; x_wconf 91' lang='lat' dir='ltr'>ado·</span> 
     </span>
     <span class='ocr_line' id='line_1_28' title="bbox 216 3478 1366 3578; baseline -0.001 -25"><span class='ocrx_word' id='word_1_193' title='bbox 216 3482 383 3554; x_wconf 87' lang='lat' dir='ltr'>lescentia</span> <span class='ocrx_word' id='word_1_194' title='bbox 403 3483 461 3554; x_wconf 85' lang='lat' dir='ltr'>vix</span> <span class='ocrx_word' id='word_1_195' title='bbox 482 3509 501 3555; x_wconf 91' lang='lat' dir='ltr'>e</span> <span class='ocrx_word' id='word_1_196' title='bbox 522 3481 609 3553; x_wconf 93' lang='lat' dir='ltr'>ludo</span> <span class='ocrx_word' id='word_1_197' title='bbox 628 3497 735 3578; x_wconf 89' lang='lat' dir='ltr'>atque</span> <span class='ocrx_word' id='word_1_198' title='bbox 750 3480 911 3578; x_wconf 85' lang='lat' dir='ltr'>pueritiae</span> <span class='ocrx_word' id='word_1_199' title='bbox 928 3478 1116 3577; x_wconf 90' lang='lat' dir='ltr'>disciplina</span> <span class='ocrx_word' id='word_1_200' title='bbox 1136 3480 1366 3576; x_wconf 87' lang='lat' dir='ltr'>emergentis,</span> 
     </span>
     <span class='ocr_line' id='line_1_29' title="bbox 216 3593 1367 3695; baseline -0.001 -26"><span class='ocrx_word' id='word_1_201' title='bbox 216 3620 330 3693; x_wconf 88' lang='lat' dir='ltr'>usque</span> <span class='ocrx_word' id='word_1_202' title='bbox 344 3597 389 3668; x_wconf 93' lang='lat' dir='ltr'>ad</span> <span class='ocrx_word' id='word_1_203' title='bbox 401 3597 583 3669; x_wconf 89' lang='lat' dir='ltr'>Actiacam</span> <span class='ocrx_word' id='word_1_204' title='bbox 595 3620 704 3695; x_wconf 90' lang='lat' dir='ltr'>prope</span> <span class='ocrx_word' id='word_1_205' title='bbox 714 3595 851 3684; x_wconf 89' lang='lat' dir='ltr'>tubam,</span> <span class='ocrx_word' id='word_1_206' title='bbox 869 3596 986 3666; x_wconf 90' lang='lat' dir='ltr'>locum</span> <span class='ocrx_word' id='word_1_207' title='bbox 1004 3593 1179 3666; x_wconf 80' lang='lat' dir='ltr'>Cassianae</span> <span class='ocrx_word' id='word_1_208' title='bbox 1192 3594 1367 3690; x_wconf 87' lang='lat' dir='ltr'>epistolae,</span> 
     </span>
     <span class='ocr_line' id='line_1_30' title="bbox 216 3708 1370 3811; baseline -0.003 -27"><span class='ocrx_word' id='word_1_209' title='bbox 216 3711 424 3785; x_wconf 89' lang='lat' dir='ltr'>commodus</span> <span class='ocrx_word' id='word_1_210' title='bbox 450 3728 483 3784; x_wconf 90' lang='lat' dir='ltr'>et</span> <span class='ocrx_word' id='word_1_211' title='bbox 511 3711 662 3811; x_wconf 89' lang='lat' dir='ltr'>patiens,</span> <span class='ocrx_word' id='word_1_212' title='bbox 690 3711 823 3808; x_wconf 90' lang='lat' dir='ltr'>aperit,</span> <span class='ocrx_word' id='word_1_213' title='bbox 852 3709 1047 3809; x_wconf 76' lang='lat' dir='ltr'>praesertim</span> <span class='ocrx_word' id='word_1_214' title='bbox 1070 3709 1108 3780; x_wconf 94' lang='lat' dir='ltr'>in</span> <span class='ocrx_word' id='word_1_215' title='bbox 1128 3708 1223 3781; x_wconf 90' lang='lat' dir='ltr'>bello</span> <span class='ocrx_word' id='word_1_216' title='bbox 1248 3709 1370 3783; x_wconf 89' lang='lat' dir='ltr'>Muti-</span> 
     </span>
     <span class='ocr_line' id='line_1_31' title="bbox 215 3822 1372 3921; baseline -0.002 -21"><span class='ocrx_word' id='word_1_217' title='bbox 215 3829 330 3915; x_wconf 89' lang='lat' dir='ltr'>nensi,</span> <span class='ocrx_word' id='word_1_218' title='bbox 350 3841 413 3899; x_wconf 93' lang='lat' dir='ltr'>aut</span> <span class='ocrx_word' id='word_1_219' title='bbox 429 3827 466 3898; x_wconf 83' lang='lat' dir='ltr'>‘tn</span> <span class='ocrx_word' id='word_1_220' title='bbox 476 3827 621 3899; x_wconf 88' lang='lat' dir='ltr'>Antonii</span> <span class='ocrx_word' id='word_1_221' title='bbox 635 3842 791 3899; x_wconf 85' lang='lat' dir='ltr'>extrema</span> <span class='ocrx_word' id='word_1_222' title='bbox 805 3824 1082 3903; x_wconf 87' lang='lat' dir='ltr'>commoratione</span> <span class='ocrx_word' id='word_1_223' title='bbox 1097 3822 1197 3921; x_wconf 87' lang='lat' dir='ltr'>apud</span> <span class='ocrx_word' id='word_1_224' title='bbox 1212 3824 1372 3898; x_wconf 84' lang='lat' dir='ltr'>Alexan-</span> 
     </span>
     <span class='ocr_line' id='line_1_32' title="bbox 216 3939 1371 4039; baseline -0.002 -25"><span class='ocrx_word' id='word_1_225' title='bbox 216 3943 351 4015; x_wconf 87' lang='lat' dir='ltr'>drinos.</span> <span class='ocrx_word' id='word_1_226' title='bbox 373 3940 440 4014; x_wconf 92' lang='lat' dir='ltr'>Sed</span> <span class='ocrx_word' id='word_1_227' title='bbox 460 3942 575 4039; x_wconf 88' lang='lat' dir='ltr'>potnit</span> <span class='ocrx_word' id='word_1_228' title='bbox 594 3941 699 4013; x_wconf 88' lang='lat' dir='ltr'>etiam</span> <span class='ocrx_word' id='word_1_229' title='bbox 716 3968 758 4013; x_wconf 85' lang='lat' dir='ltr'>ex</span> <span class='ocrx_word' id='word_1_230' title='bbox 773 3941 894 4013; x_wconf 90' lang='lat' dir='ltr'>Sicilia</span> <span class='ocrx_word' id='word_1_231' title='bbox 908 3941 1043 4013; x_wconf 91' lang='lat' dir='ltr'>litteras</span> <span class='ocrx_word' id='word_1_232' title='bbox 1056 3939 1249 4013; x_wconf 90' lang='lat' dir='ltr'>Octaviano</span> <span class='ocrx_word' id='word_1_233' title='bbox 1273 3941 1371 4012; x_wconf 91' lang='lat' dir='ltr'>scri-</span> 
     </span>
     <span class='ocr_line' id='line_1_33' title="bbox 216 4056 1370 4155; baseline 0 -24"><span class='ocrx_word' id='word_1_234' title='bbox 216 4058 300 4131; x_wconf 91' lang='lat' dir='ltr'>bere</span> <span class='ocrx_word' id='word_1_235' title='bbox 318 4056 475 4137; x_wconf 85' lang='lat' dir='ltr'>Cassius,</span> <span class='ocrx_word' id='word_1_236' title='bbox 495 4056 581 4126; x_wconf 92' lang='lat' dir='ltr'>dum</span> <span class='ocrx_word' id='word_1_237' title='bbox 601 4056 695 4128; x_wconf 86' lang='lat' dir='ltr'>Sexti</span> <span class='ocrx_word' id='word_1_238' title='bbox 717 4056 874 4155; x_wconf 89' lang='lat' dir='ltr'>Pompeii</span> <span class='ocrx_word' id='word_1_239' title='bbox 893 4071 1010 4155; x_wconf 86' lang='lat' dir='ltr'>partes</span> <span class='ocrx_word' id='word_1_240' title='bbox 1024 4069 1247 4153; x_wconf 88' lang='lat' dir='ltr'>sequeretur.</span> <span class='ocrx_word' id='word_1_241' title='bbox 1267 4057 1370 4130; x_wconf 86' lang='lat' dir='ltr'>Patet</span> 
     </span>
    </p>
   </div>
   <div class='ocr_carea' id='block_1_5' title="bbox 250 4301 826 4728">
    <p class='ocr_par' dir='ltr' id='par_1_7' title="bbox 251 4301 826 4465">
     <span class='ocr_line' id='line_1_34' title="bbox 251 4301 826 4374; baseline 0.012 -19"><span class='ocrx_word' id='word_1_242' title='bbox 251 4307 287 4373; x_wconf 84' lang='lat' dir='ltr'>(t)</span> <span class='ocrx_word' id='word_1_243' title='bbox 306 4309 387 4358; x_wconf 80' lang='lat' dir='ltr'>clcer.</span> <span class='ocrx_word' id='word_1_244' title='bbox 405 4301 524 4374; x_wconf 83' lang='lat' dir='ltr'>l‘ltt&#39;lt&#39;pp.</span> <span class='ocrx_word' id='word_1_245' title='bbox 539 4325 579 4373; x_wconf 83' lang='grc' dir='ltr'>ιιι,</span> <span class='ocrx_word' id='word_1_246' title='bbox 593 4305 620 4370; x_wconf 89' lang='lat'>6,</span> <span class='ocrx_word' id='word_1_247' title='bbox 635 4321 709 4371; x_wconf 82' lang='lat' dir='ltr'>sqq.;</span> <span class='ocrx_word' id='word_1_248' title='bbox 725 4326 781 4372; x_wconf 78' lang='grc' dir='ltr'>ιιιιι,</span> <span class='ocrx_word' id='word_1_249' title='bbox 797 4310 826 4362; x_wconf 86' lang='grc'>9.</span> 
     </span>
     <span class='ocr_line' id='line_1_35' title="bbox 251 4391 518 4465; baseline 0.015 -22"><span class='ocrx_word' id='word_1_250' title='bbox 251 4392 288 4465; x_wconf 66' lang='grc'>(8)</span> <span class='ocrx_word' id='word_1_251' title='bbox 305 4396 444 4455; x_wconf 86' lang='lat' dir='ltr'>Welcbert,</span> <span class='ocrx_word' id='word_1_252' title='bbox 457 4391 477 4447; x_wconf 86' lang='lat' dir='ltr'>l.</span> <span class='ocrx_word' id='word_1_253' title='bbox 494 4407 518 4448; x_wconf 84' lang='lat' dir='ltr'>o.</span> 
     </span>
    </p>

    <p class='ocr_par' dir='ltr' id='par_1_8' title="bbox 250 4479 560 4550">
     <span class='ocr_line' id='line_1_36' title="bbox 250 4479 560 4550; baseline -0.003 -17"><span class='ocrx_word' id='word_1_254' title='bbox 250 4482 286 4550; x_wconf 78' lang='grc'>(5)</span> <span class='ocrx_word' id='word_1_255' title='bbox 305 4486 410 4534; x_wconf 78' lang='lat' dir='ltr'>Sueten.</span> <span class='ocrx_word' id='word_1_256' title='bbox 423 4479 497 4549; x_wconf 62' lang='lat' dir='ltr'>Aug.</span> <span class='ocrx_word' id='word_1_257' title='bbox 509 4502 560 4534; x_wconf 86' lang='lat' dir='ltr'>xvt.</span> 
     </span>
    </p>

    <p class='ocr_par' dir='ltr' id='par_1_9' title="bbox 151 4567 615 4638">
     <span class='ocr_line' id='line_1_37' title="bbox 251 4567 615 4638; baseline 0.006 -16.353"><span class='ocrx_word' id='word_1_258' title='bbox 251 4571 290 4638; x_wconf 83' lang='lat' dir='ltr'>(t)</span> <span class='ocrx_word' id='word_1_259' title='bbox 308 4573 388 4622; x_wconf 82' lang='lat' dir='ltr'>Tacit.</span> <span class='ocrx_word' id='word_1_260' title='bbox 402 4567 503 4625; x_wconf 80' lang='lat' dir='ltr'>Anool.</span> <span class='ocrx_word' id='word_1_261' title='bbox 519 4591 554 4634; x_wconf 79' lang='grc' dir='ltr'>ιι,</span> <span class='ocrx_word' id='word_1_262' title='bbox 570 4570 615 4624; x_wconf 73' lang='lat'>5⁴.</span> 
     </span>
    </p>

    <p class='ocr_par' dir='ltr' id='par_1_10' title="bbox 251 4656 567 4728">
     <span class='ocr_line' id='line_1_38' title="bbox 251 4656 567 4728; baseline 0.009 -20"><span class='ocrx_word' id='word_1_263' title='bbox 251 4658 286 4728; x_wconf 77' lang='grc'>(5)</span> <span class='ocrx_word' id='word_1_264' title='bbox 306 4661 346 4711; x_wconf 86' lang='lat' dir='ltr'>ct.</span> <span class='ocrx_word' id='word_1_265' title='bbox 359 4661 497 4720; x_wconf 87' lang='lat' dir='ltr'>Wcicbcrt,</span> <span class='ocrx_word' id='word_1_266' title='bbox 512 4656 530 4712; x_wconf 85' lang='lat' dir='ltr'>l.</span> <span class='ocrx_word' id='word_1_267' title='bbox 543 4675 567 4713; x_wconf 91' lang='lat' dir='ltr'>c.</span> 
     </span>
    </p>
   </div>
   <div class='ocr_carea' id='block_1_6' title="bbox 0 0 1588 5214">
    <p class='ocr_par' dir='ltr' id='par_1_11' title="bbox 0 0 1588 5214">
     <span class='ocr_line' id='line_1_39' title="bbox 0 0 1588 5214; baseline 0 0"><span class='ocrx_word' id='word_1_268' title='bbox 0 0 1588 5214; x_wconf 95' lang='lat' dir='ltr'> </span> 
     </span>
    </p>
   </div>
  </div>
 </body>
</html>
