3164 5214
574 881 782 958 cnm*
807 883 847 956 Ι.

417 1097 419 1103 .
483 1120 618 1165 scatrsrr
639 1121 759 1166 cassws
776 1121 948 1165 artsrobts.

193 1676 283 1745 Tres
298 1672 454 1770 epistolae
475 1673 599 1745 Cassio
619 1667 848 1760 tribuuntur,
875 1693 1032 1766 quarum
1049 1695 1121 1743 una
1147 1670 1294 1767 quidem
1360 1709 1363 1713 <

140 1787 325 1888 deperdita
336 1817 347 1878 ς
366 1788 492 1876 altera,
508 1788 538 1860 si
555 1787 796 1885 fragmentum
817 1785 1085 1884 excipias,pari
1108 1786 1180 1860 lato
1206 1779 1293 1862 eia-

143 1904 245 1978 tertia
265 1917 385 1976 autem
409 1919 478 1977 tota
503 1918 659 2002 superat.
685 1899 742 1974 An
760 1927 842 1975 vere
861 1901 975 1975 Cassii
999 1903 1072 1976 sint
1089 1903 1293 1977 Parmensis

142 2016 388 2117 indagandum
401 2032 436 2091 et
447 2016 736 2117 patefaciendum
751 2040 826 2091 esse
837 2016 1072 2091 arbitramur.

203 2256 222 2332 ς
239 2265 271 2315 1.
288 2261 460 2325 unt-tola
476 2261 601 2314 ouum
621 2261 849 2315 Par-meunt·
867 2263 920 2315 ud
937 2264 984 2316 Ι.
1003 2263 1229 2315 sumntum.

191 2476 246 2548 Ex
267 2475 383 2549 Plinio
399 2475 474 2548 haec
498 2473 695 2572 accipimus
713 2504 722 2546 ε
743 2503 761 2542 u
777 2474 925 2570 Cydnus
942 2473 1076 2546 Cilicius
1091 2474 1207 2546 amnis
1227 2500 1295 2573 po-

141 2589 298 2689 dagricis
311 2590 487 2678 medetur,
503 2589 596 2662 siout
611 2603 759 2688 apparet
777 2589 814 2659 in
829 2587 978 2686 epistola
991 2588 1105 2660 Cassii
1120 2589 1296 2662 Parmen-

142 2706 192 2780 sis
216 2704 262 2778 ad
278 2705 330 2776 M.
349 2703 546 2778 Antonium
573 2703 640 2800 (1).
662 2733 681 2771 rr
707 2703 857 2801 Scripsit
881 2726 966 2800 ergo
989 2702 1083 2773 banc
1111 2703 1297 2800 epistolam

143 2821 288 2894 Cassius
305 2836 437 2909 noster,
460 2844 526 2892 nec
540 2819 617 2892 ulla
637 2840 744 2891 causa
765 2834 817 2891 est
833 2842 901 2890 cur
916 2816 1122 2889 doctissimo
1141 2832 1176 2891 et
1188 2841 1296 2917 saga-

144 2935 287 3009 cissimo
305 2934 385 3008 testi
400 2937 441 3007 P.
460 2933 578 3006 Plinio
591 2932 679 3006 fides
695 2932 903 3031 abrogetur.
928 2932 997 3004 Sed
1021 2956 1136 3029 quum
1151 2931 1299 3032 perierit

144 3049 291 3148 epistola
308 3049 352 3122 de
374 3074 446 3147 qua
460 3074 558 3121 nunc
575 3049 709 3146 agitur,
729 3048 821 3120 nihil
831 3045 907 3143 jam
924 3046 1028 3120 nobis
1048 3048 1228 3146 reliquum
1245 3061 1298 3121 est
1413 3100 1418 3109 -

144 3165 242 3264 quod
275 3165 492 3239 disseramus
534 3180 663 3265 praeter
700 3164 873 3264 temporis
910 3163 1190 3237 admonitionem
1227 3187 1299 3261 quo

145 3284 277 3383 scripta
300 3283 360 3355 sit.

194 3399 232 3471 Si
256 3398 392 3471 litteras
410 3420 468 3469 eas
485 3396 748 3482 misitCnssius‚
770 3393 859 3466 dum
878 3395 915 3466 in
943 3394 1130 3468 tribunatu
1148 3392 1296 3466 militari

144 3527 277 3612 ageret,
306 3538 387 3611 quae
409 3536 485 3585 esse
514 3510 656 3585 videtur
684 3511 779 3609 Aug.
806 3510 995 3584 Weiobert
1019 3509 1194 3583 sententia
1225 3503 1294 3606 (2),

144 3650 240 3701 anno
253 3628 456 3703 referantur
474 3653 603 3701 nccxu.
622 3628 695 3701 Nec
713 3644 831 3701 tamen
851 3624 1036 3724 probabile
1051 3640 1119 3699 cst.
1140 3623 1181 3698 ld
1199 3625 1297 3698 enim

145 3745 340 3842 temporis,
375 3742 572 3816 dummodo
603 3742 810 3842 Appianum
840 3740 1031 3813 audiamus
1073 3740 1142 3839 (3),
1179 3762 1297 3837 quum

147 3860 190 3930 L.
215 3859 361 3932 Cassius
371 3873 406 3932 et
425 3860 478 3931 M.
497 3862 630 3932 Brutus
647 3858 789 3956 egregie
817 3881 883 3955 pro
902 3856 1065 3929 libertate
1082 3855 1294 3954 praeliando,

148 3984 269 4075 pugna
288 3975 521 4075 philippensi,
540 3974 762 4064 cecidissent,
793 3974 868 4071 ipse
884 3974 1107 4064 Parmensis,
1130 3973 1298 4047 tribunus

185 4169 224 4243 (1)
237 4173 306 4226 Plin.
317 4171 386 4228 Nol.
396 4168 583 4226 Hisl.xxxr.2.
593 4189 617 4238 p.
627 4175 653 4224 8.
663 4177 745 4235 Quam
756 4175 889 4236 epistolam
901 4188 950 4237 quo
959 4175 1103 4238 indigitavit
1113 4175 1168 4224 ioco
1176 4174 1297 4225 Bibiictb.

148 4263 233 4314 latinu
252 4262 314 4313 clim
332 4263 423 4325 editor,
437 4265 471 4314 Le
484 4264 580 4325 Maire,
594 4260 670 4316 Poat.
687 4259 706 4317 l.
719 4260 790 4315 min.
807 4266 839 4322 T.
857 4266 883 4315 1.
899 4279 926 4327 p.
942 4265 1012 4326 618,
1030 4266 1057 4314 in
1076 4265 1165 4316 notula
1183 4265 1299 4314 Cassium

147 4354 311 4403 parmensem
322 4356 348 4404 ct
356 4352 471 4404 cassium
483 4353 605 4404 Severum
617 4353 720 4415 quidem
728 4353 894 4413 discriminat,
905 4352 950 4404 sed
959 4353 1295 4404 ParmensemetEtruscum

146 4441 296 4503 dnparcstn
312 4453 393 4491 unum
410 4441 533 4503 contudit,
548 4453 627 4503 quum
648 4442 696 4491 boc
709 4441 829 4492 volumen
844 4439 1025 4511 acciperetis.
1043 4440 1105 4490 Cirr.
1121 4436 1209 4503 1814),
1226 4438 1292 4488 mals

147 4530 264 4594 prescius
276 4541 364 4581 eorum
373 4542 430 4594 que
442 4543 501 4580 mor
514 4530 541 4580 in
554 4530 651 4581 Horatii
661 4535 729 4581 torno
742 4548 771 4593 n,
783 4543 809 4594 p.
818 4529 865 4581 111
881 4526 973 4600 (isat)
989 4529 1077 4582 excudi
1087 4529 1144 4591 jure
1156 4531 1292 4591 peteretur.

183 4616 219 4686 (2)
231 4618 421 4679 ctwetetrert,
436 4618 469 4670 de
478 4619 550 4669 cart.
564 4621 650 4671 Parm.
666 4623 735 4682 poet.
751 4632 778 4683 p.
790 4617 853 4670 285.

184 4704 222 4774 (5)
235 4709 344 4770 Aonian.
362 4703 465 4774 Ἐμφυλ.
481 4727 507 4772 v,
521 4709 549 4759 1.
879 4709 880 4712 ’
