3164 5214
612 393 785 458 ..57..

123 532 240 622 rendi,
265 547 327 604 aut
351 519 535 630 pauciores
567 533 675 608 luisse
699 535 762 631 qui
792 531 1004 622 irriderent,
1024 546 1086 605 aut
1110 533 1268 605 mitiores

124 648 162 719 in
193 647 467 735 incriminando,
488 648 578 721 urbe
595 648 663 721 hac
681 650 791 720 Roma
809 647 912 744 cnjus
936 649 1065 722 moenia
1087 663 1122 721 et
1148 649 1212 721 viae
1236 663 1273 721 et

124 779 236 835 rostra
248 763 486 836 miserabilem
504 764 541 835 in
559 764 705 837 modum
724 781 785 838 ant
799 764 1081 862 proscriptorum
1096 764 1270 861 sanguine

124 877 343 951 inundarent
369 870 566 952 auteornm
587 881 649 975 qui
671 882 879 976 superstites
900 895 1021 968 erant,
1045 880 1208 952 lamentis
1230 905 1271 952 ac

123 995 259 1090 gemitu
273 993 506 1067 resonarent?
521 997 596 1066 lmn
613 995 718 1067 etiam
733 995 771 1066 in
785 994 887 1066 miris
901 995 1007 1083 foret,
1023 995 1052 1066 si
1062 1019 1134 1066 non
1147 994 1271 1093 plures

125 1109 276 1184 luissent
300 1112 392 1184 inter
419 1127 468 1183 tot
489 1112 622 1183 civium
643 1111 770 1184 lunera
791 1126 824 1182 et
842 1127 989 1209 strages,
1009 1111 1073 1209 qui
1094 1137 1185 1200 eam,
1200 1137 1271 1208 qua

124 1250 206 1298 mox
228 1227 453 1324 Timagenes,
473 1242 506 1298 et
522 1226 668 1298 Porcius
689 1229 806 1312 Latro,
828 1240 862 1298 et
879 1227 953 1298 Silo
964 1227 1134 1300 Albutius
1155 1227 1272 1300 incla-

122 1366 241 1431 ruere,
267 1341 471 1413 audentiam
495 1358 739 1438 occupassent.
776 1340 923 1413 Plurimi
957 1359 991 1413 et
1021 1341 1138 1414 odisse
1155 1359 1190 1415 et
1213 1343 1273 1415 in-

123 1480 260 1528 cessere
278 1456 527 1545 Octavianum,
549 1471 712 1528 sanctum
729 1455 1000 1552 fraternumque
1019 1455 1189 1530 arbitrari
1206 1457 1273 1531 de-

124 1571 303 1657 buerunt;
318 1571 392 1643 baec
409 1588 544 1643 nature
556 1573 622 1658 vis,
637 1571 712 1643 baec
724 1571 850 1668 pietas,
869 1570 944 1641 haec
957 1573 1173 1668 germanitas
1189 1573 1270 1644 fuit.

124 1685 271 1758 Nullam
290 1686 356 1775 illi,
375 1711 489 1783 quum
502 1704 536 1758 et
549 1703 737 1783 praesentes
755 1684 883 1768 lorent,
904 1703 937 1756 et
951 1710 1100 1757 snorum
1119 1687 1273 1760 interne·

123 1801 261 1872 cionem
279 1800 461 1890 dolerent,
479 1801 637 1886 nnllam,
657 1825 772 1897 quum
789 1799 956 1889 dabatur,
976 1818 1038 1872 aut
1055 1800 1195 1874 invidiae
1212 1818 1275 1876 aut

124 1915 301 1987 irrisionis
325 1917 547 1988 occasionem
567 1916 776 2014 praetervebi
793 1916 962 2005 sinerent,
985 1941 1056 2012 qua
1078 1941 1160 1988 suos
1181 1918 1275 1990 alie·-

124 2055 274 2128 nosqne,
301 2030 495 2104 dummodo
521 2034 765 2130 interemptos,
797 2032 1069 2104 ulciscerentur.
1094 2033 1163 2104 Pro
1184 2056 1271 2122 uno,

124 2149 184 2219 cui
201 2148 309 2234 laves,
328 2149 356 2220 si
368 2175 408 2220 ex
419 2150 472 2220 ira
484 2167 518 2222 et
530 2149 728 2221 infensione
745 2173 821 2219 rem
837 2147 1029 2242 dijudicas,
1048 2173 1114 2244 pro
1129 2148 1274 2221 absente

125 2278 159 2336 et
171 2264 353 2336 exsulante
367 2265 502 2354 Cassio,
521 2280 703 2336 sexcentos
721 2264 860 2335 Cassios
875 2262 999 2350 habes,
1016 2278 1051 2335 et
1069 2276 1272 2361 praesentes,

124 2395 159 2452 et
184 2380 330 2452 arrectis
357 2380 560 2476 paratisque
584 2379 728 2468 animis,
748 2379 870 2450 stricto
898 2376 973 2473 jam
994 2379 1131 2451 aculeo.
1153 2380 1276 2452 Coenet

124 2517 208 2566 cum
235 2494 304 2566 diis
334 2493 540 2592 deabusque
573 2494 730 2567 famosus
762 2493 956 2579 triumvir3
989 2493 1084 2565 Sexti
1114 2493 1276 2591 Pompeii

125 2609 317 2682 classiariis
337 2624 477 2708 tergum
496 2611 676 2698 obvertat3
699 2625 730 2680 et
749 2608 919 2680 ridebunt
936 2608 1113 2697 homines,
1132 2624 1166 2682 et
1196 2631 1275 2681 ver-

126 2723 249 2795 siculis
273 2725 399 2822 ignavo
417 2725 501 2796 duci
517 2740 638 2797 notam
656 2724 814 2811 inurent,
835 2747 900 2794 nec
916 2721 1170 2818 exspectabunt
1186 2722 1275 2794 dnm

126 2840 289 2912 navicula
316 2857 379 2913 aut
396 2868 414 2912 e
429 2840 549 2912 Sicilia
572 2854 633 2911 aut
655 2838 701 2909 ab
726 2836 949 2910 Alexandriae
966 2852 1073 2934 portu
1106 2837 1274 2910 Cassiana

125 2954 285 3027 carmina
302 2955 431 3028 ostium
450 2953 686 3026 advehuntur.
719 3050 720 3054 Ἰ

174 3071 280 3142 Juvat
303 3070 507 3168 opinionem
536 3069 611 3166 ipsa
634 3067 931 3165 epigrammatum
963 3066 1047 3140 felix
1072 3082 1106 3139 et
1132 3068 1272 3140 curiosa

125 3186 293 3258 brevitas.
312 3185 548 3281 Sicinopinati
569 3183 698 3255 adsunt
714 3183 921 3278 hostemque
936 3184 1127 3255 incurrunt
1143 3207 1183 3254 ac
1196 3209 1275 3283 per-

127 3301 269 3374 fodiunt
287 3302 325 3371 in
344 3301 470 3373 litteris
483 3299 585 3395 quasi
602 3300 729 3371 velitae.
757 3301 839 3371 llaec
858 3323 961 3370 mane
977 3323 1068 3370 novo
1086 3299 1272 3395 plebecula

126 3442 209 3489 cnm
236 3416 312 3487 risu
336 3415 466 3511 excipit
490 3429 525 3486 et
551 3413 714 3509 evulgat;
738 3414 812 3487 baee
841 3413 886 3492 ad
914 3405 1067 3486 statuam
1089 3413 1273 3486 Octaviani

125 3531 233 3603 allixa
253 3531 368 3628 legere
387 3544 535 3626 possunt
557 3550 678 3599 omnes
696 3544 731 3600 et
753 3530 923 3601 memoria
939 3528 1092 3602 retinere
1109 3543 1144 3601 et
1161 3528 1275 3604 obviis

125 3648 274 3719 recitare
281 3675 293 3736 ς
311 3646 399 3734 baec,
417 3645 535 3717 subito
549 3642 675 3714 alllatu
694 3643 851 3740 quodam
868 3659 975 3740 atque
993 3644 1162 3717 instinctu
1180 3644 1275 3717 dica·

125 3761 254 3846 citatis,
266 3760 521 3857 extemporales
534 3756 726 3830 cachinnos
741 3774 896 3847 movent,
908 3783 973 3831 nec
982 3759 1118 3832 ultione
1127 3759 1272 3831 omissa.

126 3876 207 3948 Non
231 3873 365 3947 idcirco
391 3873 583 3946 versiculos
605 3871 794 3944 credamus
820 3897 908 3961 esse,
939 3887 979 3943 ut
1000 3871 1152 3944 Nasonis
1167 3870 1273 3943 verba

126 4012 357 4086 usurpemus,
373 3989 509 4086 prolem
528 3988 604 4060 sine
619 4004 731 4059 matre
745 4003 914 4059 creatam.
931 3989 1029 4059 Fecit
1046 3987 1177 4082 aliquis
1199 4010 1277 4058 ver-

128 4102 258 4175 siculos
273 4133 284 4193 3
304 4102 365 4176 sed
384 4102 726 4200 impraesentiarum
748 4101 809 4173 sed
824 4103 871 4173 ita
885 4117 924 4175 nt
939 4125 1062 4174 omnes
1079 4101 1198 4172 lacere
1213 4124 1276 4198 po-

126 4218 278 4292 tuissent
293 4248 303 4307 ;
321 4242 386 4290 nec
410 4218 587 4290 immerito
610 4217 685 4290 haec
709 4218 784 4290 sine
804 4217 951 4289 nomine
968 4216 1124 4289 auctoris
1141 4215 1186 4286 ad
1210 4239 1274 4287 nos

127 4356 246 4430 usque
262 4332 421 4406 carmina
435 4332 608 4405 devenere
617 4362 627 4421 ;
641 4356 734 4404 unus
753 4333 909 4430 scripsit,
924 4356 1020 4405 unus
1037 4331 1171 4428 stylum
1190 4329 1277 4402 obti-

129 4449 228 4537 nnit3
245 4471 368 4521 omnes
385 4463 419 4521 et
435 4473 575 4521 sensere
590 4464 624 4520 et
640 4447 802 4536 voluere;
819 4472 914 4521 unus
928 4472 1036 4545 prave
1048 4445 1272 4530 diffamabat3

127 4563 165 4634 in
185 4564 473 4636 obtrectationem
492 4562 728 4659 conjurabant
753 4563 924 4636 universi.
945 4563 1016 4637 Aut
1031 4562 1196 4649 fateatur,
1214 4572 1276 4630 aut

129 4677 225 4751 dicat
243 4679 286 4754 V.
307 4681 352 4751 D.
377 4693 411 4751 et
432 4679 506 4770 Cl.,
525 4679 606 4773 quis
619 4694 743 4751 auctor
761 4679 870 4752 fucrit
885 4679 991 4752 etiam
1015 4676 1275 4750 versiculorum
