3164 5214
507 855 741 928 CAPUT
789 855 911 925 nl:

568 1093 635 1161 iiiiii
645 1091 839 1135 Pusionlrta.

182 1634 276 1728 Quid
290 1657 375 1706 vero
391 1632 435 1705 de
450 1633 521 1706 iliis
540 1634 740 1706 referamus
758 1634 823 1730 qui
842 1631 1014 1704 bucolicis
1027 1630 1197 1729 operibus
1215 1629 1281 1702 Or·

129 1747 226 1846 plzen
246 1749 473 1821 immiscucre
487 1748 541 1846 (i)
556 1751 783 1822 Parmensem
799 1748 845 1844 (si
864 1745 1053 1842 creditur),
1075 1767 1280 1842 quanquam

134 1888 249 1960 neque
269 1879 451 1962 pastorum
471 1865 586 1955 lusus,
608 1890 673 1936 nec
692 1887 829 1935 amores
848 1876 912 1945 aut
925 1861 1044 1960 jurgia
1064 1862 1211 1933 recitat?
1225 1859 1281 1930 An

107 1974 176 2051 'ex
203 2003 243 2050 eo
271 1978 358 2051 iides
377 1980 558 2053 exoriatur
582 1978 678 2076 quod
705 1993 740 2050 ct
766 1977 937 2077 scopulos
963 1992 998 2048 ct
1013 1976 1126 2048 siivas
1144 1973 1282 2046 inducit

132 2111 234 2192 poeta
253 2110 287 2167 et
314 2093 432 2166 omnia
450 2117 529 2191 quae
556 2109 655 2166 muta
675 2118 716 2166 ac
736 2093 893 2165 inanima
914 2091 1062 2165 sublimi
1086 2106 1193 2162 cantu
1215 2091 1281 2164 Or·

132 2209 247 2308 pheus
265 2232 385 2281 secum
410 2206 585 2282 traxerit?
604 2209 765 2306 Agrestia
794 2223 934 2282 sancet
962 2206 1144 2305 pastoritia
1172 2205 1280 2304 proii-

133 2343 271 2412 tcmur;
303 2324 365 2398 sed
384 2325 477 2398 inter
502 2325 662 2398 eundum
694 2343 728 2398 et
752 2325 880 2397 viando
903 2349 944 2397 ac
971 2323 1073 2420 quasi
1104 2323 1228 2395 lurtim
1247 2338 1282 2396 et

134 2438 280 2513 iortuito
298 2441 373 2512 itaec
392 2440 429 2511 in
448 2441 606 2512 carmine
623 2458 818 2538 apparent;
835 2439 1026 2512 adventitia
1045 2454 1129 2512 sunt
1147 2455 1181 2511 et
1199 2437 1280 2510 sub·

131 2555 245 2627 cesiva
263 2569 298 2626 et
316 2553 390 2626 iere
409 2569 572 2643 externa,
594 2579 665 2625 non
684 2580 727 2626 ex
740 2555 936 2627 visceribus
955 2555 1008 2626 rei
1026 2569 1219 2626 cruuntur.
1239 2551 1277 2623 Si

132 2690 248 2745 tamen
265 2671 324 2744 his
342 2696 382 2744 ac
398 2672 471 2744 fere
489 2672 668 2745 similibus
687 2673 758 2744 vim
775 2672 995 2771 disceptandi
1018 2670 1211 2769 quamdam
1235 2694 1277 2742 ac

131 2788 287 2885 vigorem
304 2787 520 2859 nonnullum
544 2788 658 2859 inesse
682 2787 826 2876 credas,
853 2813 920 2859 cur
937 2811 1009 2858 uon
1028 2811 1152 2884 poema
1170 2786 1277 2858 etiam
1319 2848 1322 2856 Δ

132 2902 224 2974 inter
238 2899 349 2997 lyrica
371 2901 550 2990 retuleris,
571 2927 684 2998 quum
700 2919 735 2975 et
750 2900 901 2975 citharae
915 2901 1043 2974 illudat
1059 2917 1195 2988 auctor,
1214 2898 1276 2971 di-

128 3023 285 3116 gitisque
304 3017 456 3089 chordas
475 3021 592 3089 serius
610 3015 829 3090 micantibus
857 3015 1043 3116 increpet?
1065 3015 1132 3088 Sed
1162 3000 1275 3087 neniae
1368 3062 1373 3068 -

128 3134 203 3204 liaeo
221 3147 256 3205 et
272 3132 485 3231 crepundia,
505 3157 569 3204 nec
586 3133 673 3204 tanti
689 3148 758 3221 cst3
777 3157 847 3205 nen
864 3134 910 3204 sit
927 3132 1076 3228 lyricuS,
1098 3131 1184 3203 dum
1207 3155 1273 3203 nec

128 3248 332 3345 pastoritius
354 3248 485 3349 Orphei
495 3248 720 3321 informator.
743 3251 794 3322 Sit
809 3250 1015 3348 gnomicus,
1035 3265 1075 3323 ut
1089 3276 1131 3323 cx
1148 3274 1271 3321 rernm
1307 3295 1309 3300 ,

129 3380 339 3462 argumento
361 3363 436 3462 jam
455 3380 556 3439 antea
577 3367 828 3441 confirmatum
851 3383 916 3442 est.
935 3369 1087 3440 Revera
1113 3367 1206 3438 nihil
1229 3365 1274 3438 ad

132 3481 308 3555 Cassium.

167 3687 200 3749 (i)
218 3687 417 3751 Rittersirurecn,
431 3689 457 3738 in
468 3689 568 3738 Phaedr.
583 3689 660 3739 iabul.
674 3690 720 3739 lib.
731 3708 769 3741 m.
784 3690 885 3752 Prolog.
908 3703 935 3752 p.
952 3688 1021 3752 tea,
1043 3703 1103 3752 sqq.
1123 3695 1150 3740 et
1167 3690 1277 3740 Wcrnt·

130 3776 210 3835 dorii,
227 3773 303 3828 Post.
319 3773 369 3828 lot.
382 3774 453 3828 min.
466 3778 491 3828 in
507 3778 627 3828 Biblioth.
641 3779 714 3828 class.
728 3779 772 3829 iat.
786 3779 910 3842 Lemaire,
928 3783 947 3829 t.
960 3797 979 3840 1,
989 3792 1015 3842 p.
1024 3775 1150 3830 666-667.
1162 3781 1274 3830 Werns-

131 3864 205 3923 dorff,
220 3879 297 3928 quum
310 3865 375 3915 later
389 3866 530 3927 pastoritios
543 3871 671 3926 poetarum
689 3867 756 3916 lusus
767 3868 846 3919 Cassii
861 3863 968 3935 Orphea
981 3867 1080 3923 celerat.
1093 3879 1178 3916 secum
1194 3881 1223 3917 ca
1233 3880 1276 3917 co-

131 3952 218 4014 gitarit
228 3947 350 4014 appellari
363 3954 455 4002 mancis
468 3948 581 4021 idyllia,
596 3967 651 4016 que
665 3955 785 4004 Romanis
802 3950 941 4023 Opuscuio
955 3955 1021 4006 dicta
1033 3961 1093 4006 sunt
1103 3955 1131 4019 (t.
1143 3974 1165 4015 1,
1183 3969 1208 4018 p.
1220 3955 1273 4004 525

132 4047 158 4092 et
168 4055 195 4103 o.
210 4041 261 4093 eit
275 4055 282 4091 a
300 4061 311 4086 ‹
324 4036 531 4107 opusculorum
544 4056 595 4093 non
605 4043 654 4092 alia
665 4057 741 4105 uuam
750 4040 918 4111 idyiiiorum
926 4044 1075 4106 significatio
1090 4050 1138 4096 est.
1152 4046 1276 4107 »optime

132 4131 245 4193 quidem,
258 4131 303 4190 scd
321 4144 373 4180 non
387 4133 422 4182 ita
437 4136 532 4195 tamen,
546 4137 574 4182 ut
590 4146 647 4182 cum
666 4128 761 4194 idyliiie
773 4134 905 4184 Pastoritia
922 4133 1118 4184 contundantur.
1135 4135 1208 4194 Quod
1224 4146 1278 4185 non

131 4220 237 4269 omnino
249 4219 315 4269 cavit
329 4220 366 4269 vir
378 4220 506 4281 egregius:
516 4240 526 4263 ι
537 4221 631 4282 idylliis
646 4226 759 4272 veterum
772 4236 933 4272 accensemus
941 4224 971 4273 Ο.
983 4224 1062 4273 Cassii
1071 4223 1215 4273 Parmensis
1225 4225 1276 4272 Or-

132 4310 242 4371 pheum:
255 4321 313 4359 nam
325 4309 352 4356 in
365 4321 395 4358 eo
410 4308 520 4359 carmine
536 4310 651 4372 princeps
663 4311 706 4360 iiic
719 4311 812 4374 lyricen
825 4318 900 4361 cantu
913 4311 987 4362 siivas
1002 4314 1028 4361 et
1044 4309 1158 4372 scopulos
1175 4311 1277 4360 trahens

132 4403 158 4448 ct
169 4397 288 4446 animalia
306 4396 358 4446 iere
378 4397 540 4460 demulcens,
555 4399 626 4460 qnasi
644 4399 691 4449 sul)
708 4399 824 4449 obtutum
848 4399 959 4462 ponitur.
976 4419 987 4443 »
1002 4396 1039 4463 (p.
1055 4395 1137 4460 617);
1156 4401 1240 4458 «Quae
1252 4404 1277 4448 ct

131 4485 237 4535 iormam
252 4485 548 4546 melioramentum...
570 4486 610 4552 (ρ,
626 4486 699 4553 524).
713 4507 723 4531 ι
739 4490 812 4538 ‘iuno
824 4488 979 4538 Nemesiano
996 4493 1022 4538 ct
1035 4486 1172 4549 Calpurnio
1192 4501 1276 4537 versus

133 4575 211 4624 Cassii
225 4576 369 4624 Parmensis
381 4575 501 4635 adnectit,
516 4580 541 4625 et
552 4578 666 4639 Scotimii
677 4578 766 4628 Sereni
781 4580 878 4629 liureio
889 4578 1025 4640 multisque
1035 4577 1091 4629 aliis
1106 4577 1204 4639 generis
1218 4591 1277 4639 pas-

134 4663 209 4712 toritii
219 4664 372 4713 carminibus
385 4664 518 4714 immiscet.
