3164 5214
582 1118 730 1159 cassms
766 1119 984 1162 taunucus,

262 1657 381 1754 Elegis
408 1658 514 1728 etiam
543 1657 760 1732 laudabilem
792 1659 902 1730 luisse
931 1660 1095 1730 Cassium
1125 1674 1288 1731 nostrum
1316 1687 1358 1732 ex

212 1771 362 1844 Aesonis
375 1788 408 1844 et
425 1771 621 1845 scholiastae
638 1774 840 1871 Cruquiani
854 1772 957 1844 nrodo
972 1775 1135 1846 indicatis
1150 1776 1360 1847 testimoniis

213 1904 435 1986 compertum
464 1905 531 1962 est.
558 1889 721 1985 Cumque
744 1889 821 1962 istis
844 1890 1026 1965 Horatius
1048 1879 1144 1976 lacit,
1165 1891 1227 1985 qui
1257 1915 1362 1962 versu

213 2003 397 2076 notissimo
406 2002 554 2077 Albium
570 2003 765 2101 interrogat
781 2004 941 2102 superiis
955 2030 1035 2101 quaa
1051 2004 1157 2076 saciat
1173 2005 1309 2076 amicus
1323 2005 1361 2074 in

214 2117 354 2190 Pedana
364 2117 534 2216 regione?
552 2117 608 2190 An
624 2119 757 2192 scribat

315 2403 389 2421 ......
401 2361 482 2438 quod
494 2362 575 2422 Cassi
587 2363 755 2422 Parmensis
769 2362 910 2438 opuscula
919 2364 1019 2419 vineat
1034 2358 1072 2438 (t)
1086 2360 1100 2418 ‘l

263 2582 349 2674 Quae
362 2607 527 2654 summus
541 2584 779 2654 litteratorum
791 2582 978 2653 hominum
989 2581 1183 2654 aestimator
1200 2606 1271 2652 non
1286 2607 1365 2679 per-

213 2714 438 2786 contaretur,
466 2723 536 2768 non
579 2712 763 2794 poetarum
803 2699 853 2770 sio
886 2699 1031 2768 nomina
1060 2697 1258 2786 conferret,
1293 2699 1362 2769 nisi

213 2813 376 2909 quaedam
403 2813 496 2883 inter
521 2838 580 2884 eos
602 2811 791 2883 exstitisset
814 2810 923 2905 liujus
942 2819 979 2880 in
1008 2812 1197 2885 scribendo
1224 2812 1364 2911 generis

215 2926 447 3023 comparatio.

264 3041 338 3114 Nec
357 3042 436 3113 illos
450 3043 684 3141 respiciamus
698 3043 761 3137 qui
774 3043 938 3114 Cassium
953 3067 972 3114 a
990 3043 1117 3115 Flacco
1133 3043 1291 3115 derideri
1304 3070 1364 3116 ex·

214 3175 383 3255 putavere
399 3158 466 3254 (2).
483 3158 561 3251 Quo
577 3158 672 3228 enim
691 3157 789 3229 fieret
804 3169 905 3255 paeto
927 3173 966 3229 ut
979 3159 1161 3248 Horatius,
1181 3174 1364 3231 venustate

214 3296 392 3357 summus,
425 3290 459 3344 et
491 3272 725 3358 humanitate,
746 3289 930 3367 quaerat,
950 3272 1121 3360 eximius,
1143 3288 1178 3345 et
1207 3273 1363 3345 amicitia

214 3391 252 3459 in
278 3385 415 3459 sodales
438 3387 731 3473 candidissimus,
761 3387 910 3458 Tibullo
937 3411 1045 3459 suum
1072 3389 1186 3460 otium
1214 3389 1252 3461 in
1279 3380 1378 3460 villa

216 3503 357 3576 Pedana
381 3503 484 3598 qnasi
509 3502 705 3599 exprobare
724 3503 971 3592 sustinuisset,
989 3527 1060 3599 qua
1078 3502 1170 3576 nihil
1188 3504 1290 3578 aliud
1305 3503 1364 3576 la-

216 3643 297 3690 cere
316 3617 456 3689 dicatur
475 3617 537 3689 ille
555 3617 624 3689 nisi
647 3617 807 3689 carmina
827 3642 907 3714 quae
925 3618 1090 3690 Cassium
1109 3620 1361 3707 Parmensem,

216 3750 402 3831 poetarum
415 3733 525 3806 choro
539 3732 598 3805 vix
614 3731 908 3832 adscribendum,
929 3733 1158 3806 devincerent
1171 3733 1251 3830 (3st
1265 3735 1363 3808 Pre-

215 3848 338 3920 sertim
352 3872 466 3944 quum
483 3846 520 3918 id
535 3849 702 3945 temporis
716 3873 836 3920 amore
855 3847 989 3919 infelici
1006 3862 1159 3946 aegrotus
1173 3865 1207 3921 et
1228 3849 1362 3922 fractus

216 3978 250 4034 et
267 3962 352 4033 aviti
373 3961 496 4060 praedii
512 3964 570 4035 vix
589 3979 687 4060 parte
707 3976 857 4050 servata,
879 3962 1049 4034 Tibullus
1063 3981 1141 4060 post
1153 3964 1362 4037 saevissimas

216 4102 383 4174 agrorum
397 4076 601 4166 divisiones,
618 4077 984 4174 immanissimamque
996 4080 1168 4151 Italorum
1184 4080 1363 4177 proscrip-

216 4193 361 4283 tionem,
371 4217 527 4292 paupere
534 4191 609 4288 jam
620 4193 744 4283 fundo,
754 4194 847 4266 inter
857 4195 1268 4268 Laresteotihumilioris
1277 4220 1362 4268 ous-

253 4419 292 4486 (t)
310 4420 397 4470 Horat.
412 4414 433 4478 Ι,
448 4414 536 4486 Epist.
553 4438 587 4479 ιν,
601 4419 628 4470 ὅ.

251 4503 291 4576 (2)
309 4508 403 4566 Acron,
415 4509 442 4558 in
456 4509 519 4559 Hor.
536 4509 557 4569 1,
571 4510 651 4571 satyr.
664 4528 691 4572 x,
701 4507 750 4568 623
761 4511 827 4561 'l'um
840 4513 895 4562 VV.
907 4513 963 4563 Du.
979 4511 1066 4575 Spolia
1079 4516 1105 4562 et
1118 4512 1195 4574 Jahn,
1210 4523 1272 4574 quor
1290 4523 1362 4574 egre-

215 4597 255 4660 gie
267 4597 334 4659 Aug.
349 4596 493 4657 Weiohert,
508 4610 533 4659 p.
549 4597 680 4661 loa-2⁴5,
701 4600 848 4652 conlutavit

251 4685 287 4751 (a)
305 4686 447 4748 werneri,
464 4700 490 4749 p.
506 4667 572 4737 arn
