3164 5214
638 309 882 378 ,-54-

216 461 380 545 propter,
403 469 521 517 nonne
539 471 605 543 pro
633 446 725 518 miro
752 447 884 520 habere
902 448 1098 545 possimus,
1119 449 1149 520 si
1171 452 1376 523 versiculos

214 562 278 657 qui
296 562 463 658 leguntur
477 561 574 658 apud
592 562 816 651 Suetonium,
839 564 963 635 Cassio
979 564 1162 636 Parmensi
1173 565 1374 663 adsignen-

215 696 293 766 tur,
311 702 419 774 quem
435 702 623 774 nunquam
639 679 760 752 Romae
777 679 887 750 luisse
907 680 1146 753 certissimum
1162 699 1233 771 est,
1247 706 1372 778 quum

214 794 454 866 cavillationes
475 794 547 867 illae.
567 794 701 891 quibus
723 794 956 867 Octavianum
984 796 1221 869 vulnerabant
1245 797 1373 869 homi-

214 935 292 999 nes,
311 911 348 981 in
368 926 575 1007 praesentem
591 910 822 983 triumvirum
837 912 1094 1008 erumperent?
1113 912 1239 985 Nonne
1251 912 1373 987 multo

215 1027 327 1124 magis
340 1026 526 1123 probabile
545 1041 598 1098 est
619 1027 658 1097 in
678 1050 814 1098 coenam
836 1022 1040 1116 δωδεκάθεον,
1059 1045 1092 1100 et
1108 1029 1146 1100 in
1166 1012 1371 1101 maritimas

214 1144 294 1215 illas
313 1142 490 1215 triumviri
505 1141 768 1215 infelicissimas
782 1167 935 1239 pugnas,
951 1143 1063 1215 alium
1075 1167 1184 1240 quem
1203 1144 1368 1215 carmina

213 1257 419 1344 confecisse,
435 1258 499 1355 qui
513 1260 633 1331 Romae
651 1273 864 1345 moraretur,
882 1273 916 1330 et
930 1257 1105 1356 flagitium
1121 1259 1179 1330 vix
1196 1257 1370 1330 auditum

214 1373 471 1471 vituperatione
494 1373 628 1470 poetica
647 1387 682 1445 et
700 1372 929 1468 extemporali
949 1388 1125 1468 premeret
1144 1397 1185 1444 ac
1204 1371 1371 1445 destrin-

212 1485 338 1584 geret?
356 1490 431 1560 Hoc
444 1489 550 1560 etiam
563 1487 723 1584 opinioni
741 1487 836 1559 lavet
850 1485 947 1584 quod
961 1502 994 1558 et
1013 1487 1269 1584 popularibus,
1284 1514 1373 1586 quae

214 1621 298 1676 tunc
313 1604 427 1692 suere,
438 1602 594 1675 dicteriis
611 1617 645 1674 ct
659 1619 768 1699 poctae
779 1603 974 1700 excogitato
988 1603 1110 1674 eadem
1127 1605 1187 1675 illn
1203 1604 1370 1676 suboles-

213 1733 269 1790 cat
284 1717 478 1808 sententia,
494 1742 565 1814 qua
589 1716 774 1815 plebecula
792 1735 826 1788 et
853 1733 966 1805 vates,
989 1720 1150 1790 unanimi
1168 1744 1368 1806 consensu,

212 1858 327 1930 quum
345 1833 523 1931 Apollinis
543 1833 682 1905 cultum
699 1847 805 1928 atque
820 1831 986 1906 habitum
1008 1833 1183 1921 induisset
1198 1835 1373 1908 Octavia-

213 1973 295 2036 nus,
308 1949 383 2020 haec
398 1976 417 2015 u
433 1950 608 2021 Caesarem
619 1948 809 2045 esseplaue
820 1946 1038 2045 Apollinem,
1055 1949 1116 2021 sed
1125 1952 1334 2036 Tortorem,
1349 1981 1369 2020 »

212 2064 274 2136 ille
294 2092 311 2131 n
342 2064 467 2136 Phoebi
487 2064 661 2136 Caesarem
678 2063 862 2134 mendacia
889 2063 1016 2135 lusisse
1040 2093 1059 2133 »
1084 2064 1250 2137 dixerint.
1273 2066 1373 2137 Con-

212 2181 337 2254 cordes
354 2204 438 2251 sane
452 2180 566 2268 suere,
578 2194 625 2268 et,
645 2178 682 2250 in
704 2201 825 2249 rernm
846 2179 1046 2275 praesentia,
1059 2193 1106 2254 ut
1121 2180 1305 2252 mortalem
1325 2206 1373 2252 ac

212 2310 417 2368 terrestrem
433 2294 693 2366 convivatorem
708 2293 1037 2389 impurissimorum
1052 2295 1251 2380 hominum,
1270 2295 1372 2367 inter

213 2411 396 2509 publicam
415 2409 561 2497 samem,
581 2409 815 2506 exagitarent,
833 2407 973 2480 eosdem
992 2408 1184 2480 admodum
1201 2408 1369 2498 affectus,

215 2528 348 2598 variata
366 2526 485 2597 solum
505 2523 703 2596 dicacitatis
723 2525 856 2610 forma,
878 2523 1226 2620 comprehenderunt
1255 2540 1372 2620 atque

214 2655 481 2738 expresserunt.

263 2756 346 2846 Sed,
367 2773 407 2828 ut
423 2757 645 2854 propositum
664 2756 733 2826 iter
751 2779 962 2852 pergamus,
980 2754 1067 2850 ipsis
1085 2753 1237 2852 Augusti
1256 2757 1372 2828 Wei-

214 2873 315 2944 chert
331 2872 449 2945 verbis
468 2886 626 2959 utamur,
648 2871 767 2966 quiex
787 2895 828 2942 eo
845 2871 981 2967 colligit
994 2869 1212 2943 versiculum
1231 2894 1372 2941 secun-

214 2985 316 3072 dum,
336 2986 540 3059 aSuetonio
562 3000 818 3072 memoratum,
837 3008 908 3056 non
925 3005 1000 3056 esse
1018 2985 1251 3073 Cassianum,
1266 3010 1316 3081 qu
1336 2988 1364 3058 d

214 3117 292 3173 tum
316 3103 533 3174 Romaenon
559 3101 649 3170 soret
674 3101 818 3171 Cassius
845 3100 1058 3172 Parmensis.
1080 3101 1147 3172 Per
1173 3124 1236 3172 nos
1261 3100 1368 3190 licet;

217 3218 331 3314 potuit
353 3234 472 3288 tamen
491 3216 625 3289 Urbem
645 3215 757 3304 mitti,
778 3231 813 3287 et
827 3239 915 3287 nave
934 3216 1094 3288 oneraria
1114 3215 1315 3313 deportari,
1331 3234 1371 3290 et

215 3331 259 3402 ad
277 3332 460 3404 Octaviani
473 3345 627 3403 statuam
645 3331 754 3427 elligi,
772 3348 811 3404 ut
830 3331 979 3402 missum
997 3331 1142 3403 criticus
1158 3331 1271 3403 voluit
1285 3332 1371 3428 pri-

217 3471 316 3518 mum
338 3447 501 3517 omniurn
527 3444 759 3541 epigramma.
782 3445 862 3517 Non
892 3460 1007 3517 tamen
1032 3447 1099 3517 hoc
1118 3446 1257 3518 censuit
1274 3449 1372 3544 opti-

217 3586 296 3633 mus
314 3561 368 3631 vir
386 3576 420 3632 et
438 3559 678 3646 doctissimus,
696 3574 731 3632 et
746 3559 792 3631 ab
808 3559 905 3633 Urbe
920 3576 1007 3632 tunc
1024 3560 1181 3633 abfuisse
1199 3561 1369 3634 Cassium

217 3675 575 3773 legitimecontcndit,
592 3698 636 3746 ne
647 3676 718 3746 vati
731 3700 815 3747 cum
831 3675 964 3772 injuria
977 3676 1367 3749 carmenattribuatnr.

216 3791 392 3888 Nuspiam
410 3815 495 3861 vero
516 3790 681 3862 Cassium
702 3791 869 3863 versiculi
896 3791 1006 3864 luisse
1027 3809 1207 3865 auctorem
1227 3793 1370 3887 aequins

218 3905 468 3978 contendisset.
492 3903 693 4003 Singularis
711 3906 806 3977 enim
817 3962 827 3995 ,
845 3925 886 3979 ut
902 3908 978 4005 ipse
994 3906 1164 3980 odoratus
1181 3923 1232 3978 est
1256 3907 1370 3979 Wei—

217 4021 319 4093 chert
334 4021 405 4118 (l),
421 4021 511 4092 inest
521 4019 720 4093 similitudo
730 4021 892 4117 quaedam
907 4022 1156 4109 maledicendi,
1167 4037 1200 4093 et
1212 4022 1368 4094 carmini

216 4137 310 4233 quod
337 4137 528 4209 Suetonius
550 4136 716 4233 perhibet
739 4141 904 4232 ἀνωνυμεί,
926 4155 961 4210 et
986 4137 1142 4234 epistolae
1164 4137 1368 4233 fragmento

215 4251 311 4348 quod
327 4250 424 4349 apud
440 4251 625 4324 laudatum
637 4252 845 4351 nuperrime
858 4253 1065 4326 Suetonium
1086 4251 1274 4326 innotescit
1291 4252 1362 4350 (2).

253 4535 291 4600 (t)
311 4538 450 4603 weichert,
461 4552 486 4600 p.
498 4536 560 4588 283.

252 4626 287 4692 (a)
306 4627 410 4678 sueton.
425 4623 498 4692 Aug.
512 4644 547 4676 iv.
