3164 5214
729 349 905 410 -ii-

240 500 415 560 meniator
430 487 497 583 (i),
517 487 554 558 in
571 487 596 559 i.
616 513 665 575 c.,
681 489 794 562 Cassii
816 512 923 586 opera
941 488 1094 585 elegiaca
1117 487 1294 560 collaudet
1318 488 1386 583 (2).

241 601 312 675 Sed
339 600 415 674 haee
441 602 479 673 in
497 619 705 700 presentem
729 605 855 677 horam
878 603 1040 676 omittere
1061 602 1180 699 potius
1199 602 1386 698 judicaris.

240 716 333 792 Satis
345 731 464 791 temen
479 743 521 792 ex
537 718 827 793 antecedentibus
842 733 990 818 apparet
1009 742 1075 791 cur
1088 719 1276 817 Epicurus
1292 717 1390 790 haud

241 832 397 907 absurda
420 832 467 906 sit
484 832 644 924 omnin0,
665 859 781 932 quum
802 834 848 908 de
874 833 996 907 Cassio
1019 847 1161 932 agatur,
1184 833 1388 932 seriptum

241 959 290 1040 et,
317 946 451 1045 siquid
470 947 509 1020 in
527 947 645 1021 verbis
665 948 742 1022 istis
766 949 1033 1023 immutandum
1053 972 1129 1022 esse
1159 972 1243 1021 cum
1271 948 1391 1020 animo

241 1062 477 1162 reputaveris,
494 1087 603 1159 quum
616 1064 745 1138 meiius
758 1079 794 1138 et
808 1064 951 1163 planius
962 1062 1163 1137 Ruhnelcen
1181 1064 1243 1137 ille
1256 1063 1334 1161 qui,
1345 1061 1392 1133 ad

243 1179 373 1256 Velleii
386 1178 564 1252 Paterculi
574 1179 764 1278 Epitomen
780 1180 847 1277 (3),
867 1180 919 1253 sic
935 1179 1110 1278 glossema
1132 1178 1244 1253 edidit
1262 1204 1270 1246 ε
1290 1206 1309 1245 α
1324 1177 1392 1249 Hic

244 1294 432 1394 epicureus
446 1294 516 1368 ruit
526 1308 561 1369 et
572 1309 687 1394 poeta.
704 1325 723 1365 n
739 1295 793 1369 Ne
809 1295 981 1368 minimus
993 1319 1077 1394 ergo
1093 1295 1189 1367 Petri
1204 1297 1392 1366 Burmann

243 1409 456 1507 conjecture
465 1411 565 1486 loeus
582 1411 703 1506 detur,
719 1437 786 1485 nee
802 1412 896 1486 inter
909 1411 1027 1510 epicos
1042 1411 1206 1485 Cassium
1217 1412 1392 1484 Parmen-

244 1550 319 1600 sem
332 1527 628 1602 adnumeremus.

280 1764 320 1834 (i)
339 1768 379 1820 De
390 1768 496 1820 neronis
507 1773 534 1820 et
543 1768 723 1832 Porphyrionis
732 1771 805 1820 etue
814 1768 906 1821 videsis
919 1782 976 1832 que
989 1768 1123 1832 splendide
1134 1767 1252 1820 disseruit
1262 1767 1392 1830 sumgar,

246 1856 314 1908 iiiii.
329 1856 384 1908 crit.
399 1856 479 1908 schol.
495 1857 539 1909 ini.
554 1862 619 1920 pari.
634 1876 672 1919 111,
687 1872 714 1920 p.
730 1856 804 1909 9-50.

282 1939 319 2012 (2)
338 1945 378 1996 ci.
394 1945 488 1999 Acron.
501 1946 528 1996 in
540 1948 629 1999 Horat.
641 1948 664 2008 1,
679 1946 761 2009 Epist.
774 1965 809 2007 ιν,
822 1945 849 1996 5.

282 2030 321 2099 (5)
339 2033 398 2084 i'id.
411 2035 563 2097 Ruhneiien,
578 2033 606 2087 in
618 2035 685 2088 Veii.
701 2039 799 2088 Petere.
815 2055 844 2101 ιι,
858 2034 902 2097 88,
915 2038 927 2098 ξ
946 2038 971 2086 i.
