<?xml version="1.0" encoding="UTF-8"?>
<!DOCTYPE html PUBLIC "-//W3C//DTD XHTML 1.0 Transitional//EN"
    "http://www.w3.org/TR/xhtml1/DTD/xhtml1-transitional.dtd">
<html xmlns="http://www.w3.org/1999/xhtml" xml:lang="en" lang="en">
 <head>
  <title>
</title>
<meta http-equiv="Content-Type" content="text/html;charset=utf-8" />
  <meta name='ocr-system' content='tesseract 3.04.00' />
  <meta name='ocr-capabilities' content='ocr_page ocr_carea ocr_par ocr_line ocrx_word'/>
</head>
<body>
  <div class='ocr_page' id='page_1' title='image "./decassioparmens00nicogoog_0057.png"; bbox 0 0 3164 5214; ppageno 0'>
   <div class='ocr_carea' id='block_1_1' title="bbox 710 333 884 395">
    <p class='ocr_par' dir='ltr' id='par_1_1' title="bbox 710 333 884 395">
     <span class='ocr_line' id='line_1_1' title="bbox 710 333 884 395; baseline 0.023 -18"><span class='ocrx_word' id='word_1_1' title='bbox 710 333 884 395; x_wconf 70' lang='lat'>..52-</span> 
     </span>
    </p>
   </div>
   <div class='ocr_carea' id='block_1_2' title="bbox 216 469 1374 1380">
    <p class='ocr_par' dir='ltr' id='par_1_2' title="bbox 216 469 1374 1380">
     <span class='ocr_line' id='line_1_2' title="bbox 222 469 1374 569; baseline 0.001 -26"><span class='ocrx_word' id='word_1_2' title='bbox 222 471 376 543; x_wconf 88' lang='lat' dir='ltr'>rnilitum</span> <span class='ocrx_word' id='word_1_3' title='bbox 395 482 431 541; x_wconf 88' lang='lat' dir='ltr'>et</span> <span class='ocrx_word' id='word_1_4' title='bbox 447 469 551 540; x_wconf 81' lang='lat' dir='ltr'>classi</span> <span class='ocrx_word' id='word_1_5' title='bbox 569 470 771 566; x_wconf 74' lang='lat' dir='ltr'>preelectus,</span> <span class='ocrx_word' id='word_1_6' title='bbox 792 471 903 544; x_wconf 91' lang='lat' dir='ltr'>multa</span> <span class='ocrx_word' id='word_1_7' title='bbox 923 473 1014 542; x_wconf 89' lang='lat' dir='ltr'>mari</span> <span class='ocrx_word' id='word_1_8' title='bbox 1048 487 1214 569; x_wconf 87' lang='lat' dir='ltr'>terraque</span> <span class='ocrx_word' id='word_1_9' title='bbox 1231 470 1374 546; x_wconf 81' lang='lat' dir='ltr'>fortiter</span> 
     </span>
     <span class='ocr_line' id='line_1_3' title="bbox 219 587 1372 687; baseline 0 -27"><span class='ocrx_word' id='word_1_10' title='bbox 219 589 339 686; x_wconf 79' lang='lat' dir='ltr'><strong>gessit,</strong></span> <span class='ocrx_word' id='word_1_11' title='bbox 359 603 394 659; x_wconf 90' lang='lat' dir='ltr'>et</span> <span class='ocrx_word' id='word_1_12' title='bbox 407 587 501 659; x_wconf 91' lang='lat' dir='ltr'>nihil</span> <span class='ocrx_word' id='word_1_13' title='bbox 515 610 586 656; x_wconf 93' lang='lat' dir='ltr'>non</span> <span class='ocrx_word' id='word_1_14' title='bbox 601 587 673 684; x_wconf 82' lang='lat' dir='ltr'>egit</span> <span class='ocrx_word' id='word_1_15' title='bbox 696 613 768 684; x_wconf 94' lang='lat' dir='ltr'>quo</span> <span class='ocrx_word' id='word_1_16' title='bbox 780 589 986 660; x_wconf 90' lang='lat' dir='ltr'>triumviros</span> <span class='ocrx_word' id='word_1_17' title='bbox 1004 603 1189 662; x_wconf 86' lang='lat' dir='ltr'>everteret.</span> <span class='ocrx_word' id='word_1_18' title='bbox 1210 589 1297 663; x_wconf 88' lang='lat' dir='ltr'>Nou</span> <span class='ocrx_word' id='word_1_19' title='bbox 1311 614 1372 687; x_wconf 88' lang='lat' dir='ltr'>per</span> 
     </span>
     <span class='ocr_line' id='line_1_4' title="bbox 218 702 1368 801; baseline 0.003 -27"><span class='ocrx_word' id='word_1_20' title='bbox 218 703 306 774; x_wconf 87' lang='lat' dir='ltr'>tales</span> <span class='ocrx_word' id='word_1_21' title='bbox 323 718 358 775; x_wconf 90' lang='lat' dir='ltr'>et</span> <span class='ocrx_word' id='word_1_22' title='bbox 372 726 454 774; x_wconf 89' lang='lat' dir='ltr'>suas</span> <span class='ocrx_word' id='word_1_23' title='bbox 472 720 507 773; x_wconf 91' lang='lat' dir='ltr'>et</span> <span class='ocrx_word' id='word_1_24' title='bbox 539 702 738 773; x_wconf 88' lang='lat' dir='ltr'>amicorum</span> <span class='ocrx_word' id='word_1_25' title='bbox 755 704 950 800; x_wconf 78' lang='lat' dir='ltr'>angustias,</span> <span class='ocrx_word' id='word_1_26' title='bbox 981 728 1097 801; x_wconf 93' lang='lat' dir='ltr'>quum</span> <span class='ocrx_word' id='word_1_27' title='bbox 1114 705 1173 777; x_wconf 86' lang='lat' dir='ltr'>vix</span> <span class='ocrx_word' id='word_1_28' title='bbox 1197 707 1307 778; x_wconf 80' lang='lat' dir='ltr'><strong>Bruti</strong></span> <span class='ocrx_word' id='word_1_29' title='bbox 1337 718 1368 778; x_wconf 91' lang='lat' dir='ltr'>et</span> 
     </span>
     <span class='ocr_line' id='line_1_5' title="bbox 217 816 1368 918; baseline 0.005 -31"><span class='ocrx_word' id='word_1_30' title='bbox 217 817 330 889; x_wconf 88' lang='lat' dir='ltr'>Cassii</span> <span class='ocrx_word' id='word_1_31' title='bbox 349 816 513 914; x_wconf 85' lang='lat' dir='ltr'>disjectos</span> <span class='ocrx_word' id='word_1_32' title='bbox 534 818 685 889; x_wconf 90' lang='lat' dir='ltr'>asseclas</span> <span class='ocrx_word' id='word_1_33' title='bbox 695 819 933 907; x_wconf 89' lang='lat' dir='ltr'>contraheret,</span> <span class='ocrx_word' id='word_1_34' title='bbox 949 835 990 893; x_wconf 90' lang='lat' dir='ltr'>ut</span> <span class='ocrx_word' id='word_1_35' title='bbox 1007 819 1059 892; x_wconf 90' lang='lat' dir='ltr'>rei</span> <span class='ocrx_word' id='word_1_36' title='bbox 1072 820 1228 918; x_wconf 77' lang='lat' dir='ltr'>publicae</span> <span class='ocrx_word' id='word_1_37' title='bbox 1249 820 1368 893; x_wconf 90' lang='lat' dir='ltr'>tribus</span> 
     </span>
     <span class='ocr_line' id='line_1_6' title="bbox 216 933 1369 1033; baseline 0.003 -29"><span class='ocrx_word' id='word_1_38' title='bbox 216 933 440 1006; x_wconf 81' lang='lat' dir='ltr'><strong>eversoribus</strong></span> <span class='ocrx_word' id='word_1_39' title='bbox 455 934 715 1022; x_wconf 88' lang='lat' dir='ltr'>obluctaretur,</span> <span class='ocrx_word' id='word_1_40' title='bbox 742 958 815 1005; x_wconf 92' lang='lat' dir='ltr'>uon</span> <span class='ocrx_word' id='word_1_41' title='bbox 834 948 919 1006; x_wconf 92' lang='lat' dir='ltr'>tunc</span> <span class='ocrx_word' id='word_1_42' title='bbox 935 958 1020 1006; x_wconf 87' lang='lat' dir='ltr'>sane</span> <span class='ocrx_word' id='word_1_43' title='bbox 1038 934 1195 1008; x_wconf 86' lang='lat' dir='ltr'>Antonio</span> <span class='ocrx_word' id='word_1_44' title='bbox 1227 934 1369 1033; x_wconf 88' lang='lat' dir='ltr'>episto·</span> 
     </span>
     <span class='ocr_line' id='line_1_7' title="bbox 217 1046 1370 1146; baseline 0.005 -29"><span class='ocrx_word' id='word_1_45' title='bbox 217 1046 289 1120; x_wconf 92' lang='lat' dir='ltr'>lam</span> <span class='ocrx_word' id='word_1_46' title='bbox 313 1050 468 1121; x_wconf 89' lang='lat' dir='ltr'>scribere</span> <span class='ocrx_word' id='word_1_47' title='bbox 484 1049 613 1146; x_wconf 91' lang='lat' dir='ltr'>potuit,</span> <span class='ocrx_word' id='word_1_48' title='bbox 631 1073 702 1144; x_wconf 92' lang='lat' dir='ltr'>qua</span> <span class='ocrx_word' id='word_1_49' title='bbox 726 1049 809 1121; x_wconf 90' lang='lat' dir='ltr'>talia</span> <span class='ocrx_word' id='word_1_50' title='bbox 821 1067 1129 1122; x_wconf 85' lang='lat' dir='ltr'>commemoraret.</span> <span class='ocrx_word' id='word_1_51' title='bbox 1147 1050 1272 1144; x_wconf 84' lang='lat' dir='ltr'>Quum</span> <span class='ocrx_word' id='word_1_52' title='bbox 1286 1075 1370 1124; x_wconf 84' lang='lat' dir='ltr'>vero</span> 
     </span>
     <span class='ocr_line' id='line_1_8' title="bbox 216 1165 1368 1268; baseline 0.01 -33"><span class='ocrx_word' id='word_1_53' title='bbox 216 1165 359 1239; x_wconf 89' lang='lat' dir='ltr'>abiisset</span> <span class='ocrx_word' id='word_1_54' title='bbox 369 1165 440 1261; x_wconf 81' lang='lat' dir='ltr'>jam</span> <span class='ocrx_word' id='word_1_55' title='bbox 458 1181 493 1238; x_wconf 90' lang='lat' dir='ltr'>et</span> <span class='ocrx_word' id='word_1_56' title='bbox 508 1166 752 1238; x_wconf 86' lang='lat' dir='ltr'>transvectum</span> <span class='ocrx_word' id='word_1_57' title='bbox 772 1181 863 1238; x_wconf 91' lang='lat' dir='ltr'>esset</span> <span class='ocrx_word' id='word_1_58' title='bbox 876 1182 1016 1265; x_wconf 87' lang='lat' dir='ltr'>tempus</span> <span class='ocrx_word' id='word_1_59' title='bbox 1040 1191 1112 1264; x_wconf 91' lang='lat' dir='ltr'>quo</span> <span class='ocrx_word' id='word_1_60' title='bbox 1129 1193 1186 1240; x_wconf 90' lang='lat' dir='ltr'>res</span> <span class='ocrx_word' id='word_1_61' title='bbox 1217 1172 1368 1268; x_wconf 90' lang='lat' dir='ltr'>publica</span> 
     </span>
     <span class='ocr_line' id='line_1_9' title="bbox 216 1279 1367 1380; baseline 0.007 -28"><span class='ocrx_word' id='word_1_62' title='bbox 216 1281 286 1353; x_wconf 90' lang='lat' dir='ltr'>alio</span> <span class='ocrx_word' id='word_1_63' title='bbox 309 1306 418 1377; x_wconf 91' lang='lat' dir='ltr'>quam</span> <span class='ocrx_word' id='word_1_64' title='bbox 444 1282 549 1354; x_wconf 86' lang='lat' dir='ltr'>Sexto</span> <span class='ocrx_word' id='word_1_65' title='bbox 565 1282 731 1378; x_wconf 90' lang='lat' dir='ltr'>Pompeio</span> <span class='ocrx_word' id='word_1_66' title='bbox 757 1279 847 1353; x_wconf 90' lang='lat' dir='ltr'>duce</span> <span class='ocrx_word' id='word_1_67' title='bbox 874 1282 1009 1354; x_wconf 88' lang='lat' dir='ltr'>servari</span> <span class='ocrx_word' id='word_1_68' title='bbox 1033 1306 1136 1380; x_wconf 92' lang='lat' dir='ltr'>posse</span> <span class='ocrx_word' id='word_1_69' title='bbox 1160 1283 1367 1380; x_wconf 85' lang='lat' dir='ltr'>videbatur,</span> 
     </span>
    </p>
   </div>
   <div class='ocr_carea' id='block_1_3' title="bbox 210 1403 1371 2885">
    <p class='ocr_par' dir='ltr' id='par_1_3' title="bbox 210 1403 1371 2652">
     <span class='ocr_line' id='line_1_10' title="bbox 216 1403 1370 1494; baseline 0.003 -18"><span class='ocrx_word' id='word_1_70' title='bbox 216 1404 375 1477; x_wconf 91' lang='lat' dir='ltr'>Siciliam</span> <span class='ocrx_word' id='word_1_71' title='bbox 388 1403 567 1494; x_wconf 89' lang='lat' dir='ltr'>devectus,</span> <span class='ocrx_word' id='word_1_72' title='bbox 586 1403 715 1475; x_wconf 86' lang='lat' dir='ltr'>acriter</span> <span class='ocrx_word' id='word_1_73' title='bbox 732 1404 769 1475; x_wconf 92' lang='lat' dir='ltr'>iu</span> <span class='ocrx_word' id='word_1_74' title='bbox 783 1404 1017 1476; x_wconf 89' lang='lat' dir='ltr'>Octavianum</span> <span class='ocrx_word' id='word_1_75' title='bbox 1035 1404 1211 1478; x_wconf 73' lang='lat' dir='ltr'>Caesarem</span> <span class='ocrx_word' id='word_1_76' title='bbox 1228 1406 1370 1480; x_wconf 92' lang='lat' dir='ltr'>bellum</span> 
     </span>
     <span class='ocr_line' id='line_1_11' title="bbox 215 1517 1368 1618; baseline 0.002 -25"><span class='ocrx_word' id='word_1_77' title='bbox 215 1521 323 1618; x_wconf 81' lang='lat' dir='ltr'><strong>gessit</strong></span> <span class='ocrx_word' id='word_1_78' title='bbox 344 1519 487 1591; x_wconf 82' lang='lat' dir='ltr'>Cassius</span> <span class='ocrx_word' id='word_1_79' title='bbox 505 1518 727 1606; x_wconf 84' lang='lat' dir='ltr'>Parmensis3</span> <span class='ocrx_word' id='word_1_80' title='bbox 757 1543 822 1589; x_wconf 91' lang='lat' dir='ltr'>nec</span> <span class='ocrx_word' id='word_1_81' title='bbox 842 1533 917 1591; x_wconf 91' lang='lat' dir='ltr'>tum</span> <span class='ocrx_word' id='word_1_82' title='bbox 942 1545 1026 1591; x_wconf 89' lang='lat' dir='ltr'>cum</span> <span class='ocrx_word' id='word_1_83' title='bbox 1047 1517 1201 1592; x_wconf 91' lang='lat' dir='ltr'>Antonio</span> <span class='ocrx_word' id='word_1_84' title='bbox 1229 1521 1368 1595; x_wconf 83' lang='lat' dir='ltr'>litteras</span> 
     </span>
     <span class='ocr_line' id='line_1_12' title="bbox 214 1633 1366 1735; baseline 0.002 -26"><span class='ocrx_word' id='word_1_85' title='bbox 214 1635 515 1712; x_wconf 87' lang='lat' dir='ltr'>communicabat.</span> <span class='ocrx_word' id='word_1_86' title='bbox 545 1634 691 1708; x_wconf 88' lang='lat' dir='ltr'>Devicto</span> <span class='ocrx_word' id='word_1_87' title='bbox 729 1633 849 1705; x_wconf 86' lang='lat' dir='ltr'>autem</span> <span class='ocrx_word' id='word_1_88' title='bbox 885 1637 1054 1733; x_wconf 87' lang='lat' dir='ltr'>Pompeio</span> <span class='ocrx_word' id='word_1_89' title='bbox 1097 1653 1132 1708; x_wconf 87' lang='lat' dir='ltr'>et</span> <span class='ocrx_word' id='word_1_90' title='bbox 1162 1660 1366 1735; x_wconf 88' lang='lat' dir='ltr'>oppresso,</span> 
     </span>
     <span class='ocr_line' id='line_1_13' title="bbox 213 1748 1368 1839; baseline 0.003 -16"><span class='ocrx_word' id='word_1_91' title='bbox 213 1750 343 1824; x_wconf 81' lang='lat' dir='ltr'>defecit</span> <span class='ocrx_word' id='word_1_92' title='bbox 358 1748 404 1822; x_wconf 93' lang='lat' dir='ltr'>ad</span> <span class='ocrx_word' id='word_1_93' title='bbox 423 1750 636 1837; x_wconf 89' lang='lat' dir='ltr'>Antonium,</span> <span class='ocrx_word' id='word_1_94' title='bbox 663 1774 757 1821; x_wconf 91' lang='lat' dir='ltr'>anno</span> <span class='ocrx_word' id='word_1_95' title='bbox 776 1749 822 1822; x_wconf 88' lang='lat' dir='ltr'>U.</span> <span class='ocrx_word' id='word_1_96' title='bbox 838 1749 881 1819; x_wconf 88' lang='lat' dir='ltr'>C.</span> <span class='ocrx_word' id='word_1_97' title='bbox 910 1775 1051 1839; x_wconf 86' lang='lat' dir='ltr'>uccxrx,</span> <span class='ocrx_word' id='word_1_98' title='bbox 1072 1751 1207 1823; x_wconf 87' lang='lat' dir='ltr'>invitus</span> <span class='ocrx_word' id='word_1_99' title='bbox 1235 1770 1273 1826; x_wconf 89' lang='lat' dir='ltr'>et</span> <span class='ocrx_word' id='word_1_100' title='bbox 1292 1778 1368 1826; x_wconf 89' lang='lat' dir='ltr'>me-</span> 
     </span>
     <span class='ocr_line' id='line_1_14' title="bbox 214 1865 1370 1962; baseline 0.001 -22"><span class='ocrx_word' id='word_1_101' title='bbox 214 1869 305 1940; x_wconf 88' lang='lat' dir='ltr'>liora</span> <span class='ocrx_word' id='word_1_102' title='bbox 321 1890 492 1938; x_wconf 82' lang='lat' dir='ltr'>ausurus.</span> <span class='ocrx_word' id='word_1_103' title='bbox 512 1866 551 1937; x_wconf 90' lang='lat' dir='ltr'>Si</span> <span class='ocrx_word' id='word_1_104' title='bbox 576 1891 654 1937; x_wconf 90' lang='lat' dir='ltr'>rem</span> <span class='ocrx_word' id='word_1_105' title='bbox 672 1865 784 1962; x_wconf 80' lang='lat' dir='ltr'>igitur</span> <span class='ocrx_word' id='word_1_106' title='bbox 808 1865 948 1962; x_wconf 81' lang='lat' dir='ltr'>integro</span> <span class='ocrx_word' id='word_1_107' title='bbox 971 1867 1091 1938; x_wconf 91' lang='lat' dir='ltr'>animo</span> <span class='ocrx_word' id='word_1_108' title='bbox 1111 1865 1370 1962; x_wconf 83' lang='lat' dir='ltr'>dijudicamus,</span> 
     </span>
     <span class='ocr_line' id='line_1_15' title="bbox 214 1981 1369 2079; baseline 0.003 -26"><span class='ocrx_word' id='word_1_109' title='bbox 214 2008 287 2055; x_wconf 92' lang='lat' dir='ltr'>uon</span> <span class='ocrx_word' id='word_1_110' title='bbox 303 1997 385 2055; x_wconf 87' lang='lat' dir='ltr'>ante</span> <span class='ocrx_word' id='word_1_111' title='bbox 407 2006 545 2054; x_wconf 91' lang='lat' dir='ltr'>anuum</span> <span class='ocrx_word' id='word_1_112' title='bbox 572 1981 671 2052; x_wconf 92' lang='lat' dir='ltr'>hunc</span> <span class='ocrx_word' id='word_1_113' title='bbox 698 1981 744 2052; x_wconf 90' lang='lat' dir='ltr'>U.</span> <span class='ocrx_word' id='word_1_114' title='bbox 780 1981 823 2050; x_wconf 86' lang='lat' dir='ltr'>C.</span> <span class='ocrx_word' id='word_1_115' title='bbox 845 2005 953 2075; x_wconf 90' lang='lat' dir='ltr'>quem</span> <span class='ocrx_word' id='word_1_116' title='bbox 986 1981 1089 2052; x_wconf 89' lang='lat' dir='ltr'>modo</span> <span class='ocrx_word' id='word_1_117' title='bbox 1117 1981 1369 2079; x_wconf 75' lang='lat' dir='ltr'>praediximus,</span> 
     </span>
     <span class='ocr_line' id='line_1_16' title="bbox 213 2094 1371 2196; baseline 0 -26"><span class='ocrx_word' id='word_1_118' title='bbox 213 2097 364 2196; x_wconf 91' lang='lat' dir='ltr'>epistola</span> <span class='ocrx_word' id='word_1_119' title='bbox 383 2097 516 2186; x_wconf 88' lang='lat' dir='ltr'>Cassii,</span> <span class='ocrx_word' id='word_1_120' title='bbox 544 2095 698 2168; x_wconf 92' lang='lat' dir='ltr'>aPlinio</span> <span class='ocrx_word' id='word_1_121' title='bbox 724 2110 932 2182; x_wconf 89' lang='lat' dir='ltr'>memorata,</span> <span class='ocrx_word' id='word_1_122' title='bbox 964 2094 1073 2167; x_wconf 88' lang='lat' dir='ltr'>scribi</span> <span class='ocrx_word' id='word_1_123' title='bbox 1089 2097 1217 2192; x_wconf 88' lang='lat' dir='ltr'>potuit,</span> <span class='ocrx_word' id='word_1_124' title='bbox 1248 2123 1371 2195; x_wconf 87' lang='lat' dir='ltr'>neque</span> 
     </span>
     <span class='ocr_line' id='line_1_17' title="bbox 212 2209 1371 2312; baseline 0.002 -29"><span class='ocrx_word' id='word_1_125' title='bbox 212 2227 293 2312; x_wconf 92' lang='lat' dir='ltr'>post</span> <span class='ocrx_word' id='word_1_126' title='bbox 313 2236 450 2284; x_wconf 92' lang='lat' dir='ltr'>annum</span> <span class='ocrx_word' id='word_1_127' title='bbox 466 2236 621 2284; x_wconf 86' lang='lat' dir='ltr'>occxxnr</span> <span class='ocrx_word' id='word_1_128' title='bbox 647 2209 712 2306; x_wconf 87' lang='lat' dir='ltr'>qui</span> <span class='ocrx_word' id='word_1_129' title='bbox 728 2233 785 2280; x_wconf 90' lang='lat' dir='ltr'>res</span> <span class='ocrx_word' id='word_1_130' title='bbox 811 2209 956 2281; x_wconf 84' lang='lat' dir='ltr'>Antonii</span> <span class='ocrx_word' id='word_1_131' title='bbox 983 2210 1167 2307; x_wconf 89' lang='lat' dir='ltr'>Cassiique</span> <span class='ocrx_word' id='word_1_132' title='bbox 1202 2212 1371 2285; x_wconf 86' lang='lat' dir='ltr'>fortunas</span> 
     </span>
     <span class='ocr_line' id='line_1_18' title="bbox 213 2324 1369 2424; baseline 0.003 -26"><span class='ocrx_word' id='word_1_133' title='bbox 213 2328 352 2400; x_wconf 88' lang='lat' dir='ltr'>evertit.</span> <span class='ocrx_word' id='word_1_134' title='bbox 368 2327 494 2424; x_wconf 83' lang='lat' dir='ltr'>Neque</span> <span class='ocrx_word' id='word_1_135' title='bbox 506 2351 651 2399; x_wconf 88' lang='lat' dir='ltr'>causam</span> <span class='ocrx_word' id='word_1_136' title='bbox 669 2324 872 2396; x_wconf 87' lang='lat' dir='ltr'>accuratius</span> <span class='ocrx_word' id='word_1_137' title='bbox 890 2338 1105 2422; x_wconf 85' lang='lat' dir='ltr'>pertrectare</span> <span class='ocrx_word' id='word_1_138' title='bbox 1134 2328 1369 2424; x_wconf 85' lang='lat' dir='ltr'>cupientibus</span> 
     </span>
     <span class='ocr_line' id='line_1_19' title="bbox 210 2439 1370 2538; baseline 0.006 -27"><span class='ocrx_word' id='word_1_139' title='bbox 210 2441 314 2513; x_wconf 88' lang='lat' dir='ltr'>nobis</span> <span class='ocrx_word' id='word_1_140' title='bbox 338 2442 518 2514; x_wconf 89' lang='lat' dir='ltr'>succurrit</span> <span class='ocrx_word' id='word_1_141' title='bbox 536 2439 751 2538; x_wconf 87' lang='lat' dir='ltr'>explanandi</span> <span class='ocrx_word' id='word_1_142' title='bbox 770 2440 875 2528; x_wconf 88' lang='lat' dir='ltr'>ratio,</span> <span class='ocrx_word' id='word_1_143' title='bbox 904 2464 976 2537; x_wconf 87' lang='lat' dir='ltr'>qua</span> <span class='ocrx_word' id='word_1_144' title='bbox 1000 2441 1167 2513; x_wconf 89' lang='lat' dir='ltr'>certiores</span> <span class='ocrx_word' id='word_1_145' title='bbox 1187 2441 1232 2513; x_wconf 93' lang='lat' dir='ltr'>ad</span> <span class='ocrx_word' id='word_1_146' title='bbox 1248 2445 1370 2518; x_wconf 86' lang='lat' dir='ltr'>exitus</span> 
     </span>
     <span class='ocr_line' id='line_1_20' title="bbox 215 2553 1016 2652; baseline 0.001 -27"><span class='ocrx_word' id='word_1_147' title='bbox 215 2553 428 2652; x_wconf 84' lang='lat' dir='ltr'>finitumque</span> <span class='ocrx_word' id='word_1_148' title='bbox 443 2555 557 2652; x_wconf 80' lang='lat' dir='ltr'>magis</span> <span class='ocrx_word' id='word_1_149' title='bbox 571 2556 766 2627; x_wconf 90' lang='lat' dir='ltr'>terminum</span> <span class='ocrx_word' id='word_1_150' title='bbox 779 2554 1016 2628; x_wconf 87' lang='lat' dir='ltr'>deducamur.</span> 
     </span>
    </p>

    <p class='ocr_par' dir='ltr' id='par_1_4' title="bbox 212 2670 1370 2885">
     <span class='ocr_line' id='line_1_21' title="bbox 261 2670 1370 2770; baseline 0.003 -27"><span class='ocrx_word' id='word_1_151' title='bbox 261 2672 388 2744; x_wconf 83' lang='lat' dir='ltr'>Vossio</span> <span class='ocrx_word' id='word_1_152' title='bbox 402 2696 486 2770; x_wconf 77' lang='lat' dir='ltr'>ergo</span> <span class='ocrx_word' id='word_1_153' title='bbox 493 2671 735 2743; x_wconf 88' lang='lat' dir='ltr'>commilitone</span> <span class='ocrx_word' id='word_1_154' title='bbox 750 2672 969 2768; x_wconf 88' lang='lat' dir='ltr'>utamurqui</span> <span class='ocrx_word' id='word_1_155' title='bbox 984 2670 1162 2744; x_wconf 80' lang='lat' dir='ltr'>fatebatur</span> <span class='ocrx_word' id='word_1_156' title='bbox 1174 2672 1316 2745; x_wconf 89' lang='lat' dir='ltr'>nescire</span> <span class='ocrx_word' id='word_1_157' title='bbox 1330 2698 1370 2746; x_wconf 90' lang='lat' dir='ltr'>se</span> 
     </span>
     <span class='ocr_line' id='line_1_22' title="bbox 212 2786 1353 2885; baseline 0.004 -30"><span class='ocrx_word' id='word_1_158' title='bbox 212 2812 282 2882; x_wconf 84' lang='lat' dir='ltr'>qua</span> <span class='ocrx_word' id='word_1_159' title='bbox 303 2788 489 2860; x_wconf 89' lang='lat' dir='ltr'>occasione</span> <span class='ocrx_word' id='word_1_160' title='bbox 508 2787 574 2859; x_wconf 94' lang='lat' dir='ltr'>has</span> <span class='ocrx_word' id='word_1_161' title='bbox 593 2787 729 2860; x_wconf 89' lang='lat' dir='ltr'>litteras</span> <span class='ocrx_word' id='word_1_162' title='bbox 747 2786 902 2864; x_wconf 91' lang='lat' dir='ltr'>Antonio</span> <span class='ocrx_word' id='word_1_163' title='bbox 918 2786 1054 2858; x_wconf 89' lang='lat' dir='ltr'>miserit</span> <span class='ocrx_word' id='word_1_164' title='bbox 1066 2787 1299 2885; x_wconf 86' lang='lat' dir='ltr'>Parmensis(</span> <span class='ocrx_word' id='word_1_165' title='bbox 1324 2788 1353 2885; x_wconf 88' lang='lat'>).</span> 
     </span>
    </p>
   </div>
   <div class='ocr_carea' id='block_1_4' title="bbox 305 3039 1268 3189">
    <p class='ocr_par' dir='ltr' id='par_1_5' title="bbox 305 3039 1268 3189">
     <span class='ocr_line' id='line_1_23' title="bbox 305 3039 1268 3112; baseline 0.004 -16"><span class='ocrx_word' id='word_1_166' title='bbox 305 3039 326 3112; x_wconf 71' lang='lat' dir='ltr'>S</span> <span class='ocrx_word' id='word_1_167' title='bbox 345 3047 397 3096; x_wconf 86' lang='lat'>11.</span> <span class='ocrx_word' id='word_1_168' title='bbox 415 3046 588 3108; x_wconf 75' lang='lat' dir='ltr'>untetma</span> <span class='ocrx_word' id='word_1_169' title='bbox 605 3047 730 3098; x_wconf 73' lang='lat' dir='ltr'>cassu</span> <span class='ocrx_word' id='word_1_170' title='bbox 749 3048 978 3099; x_wconf 72' lang='lat' dir='ltr'>Parmensi·</span> <span class='ocrx_word' id='word_1_171' title='bbox 995 3049 1047 3098; x_wconf 80' lang='lat' dir='ltr'>nd</span> <span class='ocrx_word' id='word_1_172' title='bbox 1068 3046 1268 3101; x_wconf 70' lang='lat' dir='ltr'>omrem</span> 
     </span>
     <span class='ocr_line' id='line_1_24' title="bbox 649 3137 917 3189; baseline -0.004 0"><span class='ocrx_word' id='word_1_173' title='bbox 649 3137 917 3189; x_wconf 75' lang='lat' dir='ltr'>octovianum.</span> 
     </span>
    </p>
   </div>
   <div class='ocr_carea' id='block_1_5' title="bbox 211 3345 1367 4258">
    <p class='ocr_par' dir='ltr' id='par_1_6' title="bbox 211 3345 1367 4258">
     <span class='ocr_line' id='line_1_25' title="bbox 262 3345 1367 3450; baseline 0.006 -33"><span class='ocrx_word' id='word_1_174' title='bbox 262 3348 301 3417; x_wconf 93' lang='lat' dir='ltr'>ln</span> <span class='ocrx_word' id='word_1_175' title='bbox 332 3346 400 3419; x_wconf 87' lang='lat' dir='ltr'>vita</span> <span class='ocrx_word' id='word_1_176' title='bbox 431 3345 600 3444; x_wconf 77' lang='lat' dir='ltr'>Augusti,</span> <span class='ocrx_word' id='word_1_177' title='bbox 635 3373 683 3436; x_wconf 81' lang='lat' dir='ltr'>rr,</span> <span class='ocrx_word' id='word_1_178' title='bbox 715 3349 865 3444; x_wconf 81' lang='lat' dir='ltr'>legimus</span> <span class='ocrx_word' id='word_1_179' title='bbox 895 3351 991 3445; x_wconf 91' lang='lat' dir='ltr'>apud</span> <span class='ocrx_word' id='word_1_180' title='bbox 1023 3351 1247 3438; x_wconf 89' lang='lat' dir='ltr'>Suetonium,</span> <span class='ocrx_word' id='word_1_181' title='bbox 1283 3354 1367 3450; x_wconf 93' lang='lat' dir='ltr'>epi-</span> 
     </span>
     <span class='ocr_line' id='line_1_26' title="bbox 212 3460 1366 3557; baseline 0.01 -27"><span class='ocrx_word' id='word_1_182' title='bbox 212 3460 309 3530; x_wconf 78' lang='lat' dir='ltr'>stolae</span> <span class='ocrx_word' id='word_1_183' title='bbox 328 3461 543 3555; x_wconf 84' lang='lat' dir='ltr'>particulam</span> <span class='ocrx_word' id='word_1_184' title='bbox 567 3487 676 3557; x_wconf 89' lang='lat' dir='ltr'>quam</span> <span class='ocrx_word' id='word_1_185' title='bbox 708 3464 851 3535; x_wconf 84' lang='lat' dir='ltr'>Cassius</span> <span class='ocrx_word' id='word_1_186' title='bbox 874 3467 1075 3538; x_wconf 87' lang='lat' dir='ltr'>Parmensis</span> <span class='ocrx_word' id='word_1_187' title='bbox 1105 3465 1151 3536; x_wconf 90' lang='lat' dir='ltr'>ad</span> <span class='ocrx_word' id='word_1_188' title='bbox 1184 3467 1366 3542; x_wconf 73' lang='lat' dir='ltr'>Caesarem</span> 
     </span>
     <span class='ocr_line' id='line_1_27' title="bbox 211 3575 1367 3676; baseline 0.007 -29"><span class='ocrx_word' id='word_1_189' title='bbox 211 3575 443 3647; x_wconf 90' lang='lat' dir='ltr'>Octavianum</span> <span class='ocrx_word' id='word_1_190' title='bbox 463 3579 744 3676; x_wconf 84' lang='lat' dir='ltr'>perscripserat:</span> <span class='ocrx_word' id='word_1_191' title='bbox 782 3607 800 3645; x_wconf 84' lang='lat' dir='ltr'>n</span> <span class='ocrx_word' id='word_1_192' title='bbox 824 3581 982 3652; x_wconf 88' lang='lat' dir='ltr'>lllaterna</span> <span class='ocrx_word' id='word_1_193' title='bbox 999 3581 1065 3653; x_wconf 90' lang='lat' dir='ltr'>tibi</span> <span class='ocrx_word' id='word_1_194' title='bbox 1093 3581 1208 3653; x_wconf 91' lang='lat' dir='ltr'>lariua</span> <span class='ocrx_word' id='word_1_195' title='bbox 1236 3598 1291 3656; x_wconf 88' lang='lat' dir='ltr'>est</span> <span class='ocrx_word' id='word_1_196' title='bbox 1321 3609 1367 3655; x_wconf 84' lang='lat' dir='ltr'>ex</span> 
     </span>
     <span class='ocr_line' id='line_1_28' title="bbox 211 3690 1365 3793; baseline 0.01 -34"><span class='ocrx_word' id='word_1_197' title='bbox 211 3690 425 3762; x_wconf 90' lang='lat' dir='ltr'>crudissimo</span> <span class='ocrx_word' id='word_1_198' title='bbox 454 3693 584 3765; x_wconf 86' lang='lat' dir='ltr'>Ariciae</span> <span class='ocrx_word' id='word_1_199' title='bbox 617 3695 797 3789; x_wconf 89' lang='lat' dir='ltr'>pistrino:</span> <span class='ocrx_word' id='word_1_200' title='bbox 833 3696 926 3766; x_wconf 89' lang='lat' dir='ltr'>hanc</span> <span class='ocrx_word' id='word_1_201' title='bbox 955 3696 1064 3793; x_wconf 89' lang='lat' dir='ltr'>pinsit</span> <span class='ocrx_word' id='word_1_202' title='bbox 1109 3697 1162 3793; x_wconf 77' lang='lat'>(2)</span> <span class='ocrx_word' id='word_1_203' title='bbox 1194 3699 1365 3772; x_wconf 88' lang='lat' dir='ltr'>manibus</span> 
     </span>
     <span class='ocr_line' id='line_1_29' title="bbox 212 3805 1363 3907; baseline 0.011 -32"><span class='ocrx_word' id='word_1_204' title='bbox 212 3805 352 3900; x_wconf 80' lang='lat' dir='ltr'>collybo</span> <span class='ocrx_word' id='word_1_205' title='bbox 369 3806 579 3880; x_wconf 87' lang='lat' dir='ltr'>decoloratis</span> <span class='ocrx_word' id='word_1_206' title='bbox 603 3810 861 3883; x_wconf 86' lang='lat' dir='ltr'>Nerulonensis</span> <span class='ocrx_word' id='word_1_207' title='bbox 881 3812 1119 3883; x_wconf 83' lang='lat' dir='ltr'>mensarius.»</span> <span class='ocrx_word' id='word_1_208' title='bbox 1141 3813 1227 3907; x_wconf 71' lang='lat' dir='ltr'>Quae</span> <span class='ocrx_word' id='word_1_209' title='bbox 1245 3812 1363 3888; x_wconf 87' lang='lat' dir='ltr'>lerme</span> 
     </span>
     <span class='ocr_line' id='line_1_30' title="bbox 211 3921 1361 4025; baseline 0.009 -34"><span class='ocrx_word' id='word_1_210' title='bbox 211 3921 254 3992; x_wconf 94' lang='lat' dir='ltr'>iis</span> <span class='ocrx_word' id='word_1_211' title='bbox 264 3921 395 3992; x_wconf 89' lang='lat' dir='ltr'>similia</span> <span class='ocrx_word' id='word_1_212' title='bbox 413 3941 497 3996; x_wconf 89' lang='lat' dir='ltr'>sunt</span> <span class='ocrx_word' id='word_1_213' title='bbox 512 3949 592 4020; x_wconf 86' lang='lat' dir='ltr'>quae</span> <span class='ocrx_word' id='word_1_214' title='bbox 604 3924 649 3995; x_wconf 90' lang='lat' dir='ltr'>ad</span> <span class='ocrx_word' id='word_1_215' title='bbox 659 3941 811 3997; x_wconf 88' lang='lat' dir='ltr'>statuam</span> <span class='ocrx_word' id='word_1_216' title='bbox 835 3923 1020 3999; x_wconf 81' lang='lat' dir='ltr'>Octaviani</span> <span class='ocrx_word' id='word_1_217' title='bbox 1036 3926 1216 4025; x_wconf 89' lang='lat' dir='ltr'>adscripta</span> <span class='ocrx_word' id='word_1_218' title='bbox 1233 3927 1361 4019; x_wconf 89' lang='lat' dir='ltr'>luisse,</span> 
     </span>
     <span class='ocr_line' id='line_1_31' title="bbox 211 4037 1359 4140; baseline 0.009 -34"><span class='ocrx_word' id='word_1_219' title='bbox 211 4060 293 4108; x_wconf 89' lang='lat' dir='ltr'>cum</span> <span class='ocrx_word' id='word_1_220' title='bbox 308 4037 438 4111; x_wconf 77' lang='lat' dir='ltr'>tabulae</span> <span class='ocrx_word' id='word_1_221' title='bbox 451 4038 661 4137; x_wconf 79' lang='lat' dir='ltr'>figerentur.</span> <span class='ocrx_word' id='word_1_222' title='bbox 674 4041 790 4113; x_wconf 87' lang='lat' dir='ltr'>Testis</span> <span class='ocrx_word' id='word_1_223' title='bbox 805 4057 858 4113; x_wconf 93' lang='lat' dir='ltr'>est</span> <span class='ocrx_word' id='word_1_224' title='bbox 880 4042 975 4113; x_wconf 87' lang='lat' dir='ltr'>idern</span> <span class='ocrx_word' id='word_1_225' title='bbox 991 4043 1181 4116; x_wconf 90' lang='lat' dir='ltr'>Suetonius</span> <span class='ocrx_word' id='word_1_226' title='bbox 1197 4044 1265 4140; x_wconf 79' lang='lat'>(3).</span> <span class='ocrx_word' id='word_1_227' title='bbox 1289 4042 1359 4116; x_wconf 86' lang='lat' dir='ltr'>Sed</span> 
     </span>
     <span class='ocr_line' id='line_1_32' title="bbox 211 4153 1362 4258; baseline 0.005 -34"><span class='ocrx_word' id='word_1_228' title='bbox 211 4153 457 4252; x_wconf 79' lang='lat' dir='ltr'>epigramma,</span> <span class='ocrx_word' id='word_1_229' title='bbox 486 4156 584 4247; x_wconf 89' lang='lat' dir='ltr'>quod</span> <span class='ocrx_word' id='word_1_230' title='bbox 616 4155 867 4247; x_wconf 89' lang='lat' dir='ltr'>iudicavimus,</span> <span class='ocrx_word' id='word_1_231' title='bbox 901 4160 1040 4256; x_wconf 92' lang='lat' dir='ltr'>paterni</span> <span class='ocrx_word' id='word_1_232' title='bbox 1062 4174 1201 4233; x_wconf 89' lang='lat' dir='ltr'>tantum</span> <span class='ocrx_word' id='word_1_233' title='bbox 1217 4160 1362 4258; x_wconf 83' lang='lat' dir='ltr'>generis</span> 
     </span>
    </p>
   </div>
   <div class='ocr_carea' id='block_1_6' title="bbox 208 4373 1361 4711">
    <p class='ocr_par' dir='ltr' id='par_1_7' title="bbox 244 4373 837 4444">
     <span class='ocr_line' id='line_1_33' title="bbox 244 4373 837 4444; baseline 0.01 -19"><span class='ocrx_word' id='word_1_234' title='bbox 244 4373 281 4444; x_wconf 80' lang='lat' dir='ltr'>(l)</span> <span class='ocrx_word' id='word_1_235' title='bbox 294 4381 361 4441; x_wconf 78' lang='lat' dir='ltr'>opp.</span> <span class='ocrx_word' id='word_1_236' title='bbox 377 4397 412 4439; x_wconf 79' lang='grc' dir='ltr'>ιν,</span> <span class='ocrx_word' id='word_1_237' title='bbox 427 4380 536 4431; x_wconf 85' lang='lat' dir='ltr'>deHlst.</span> <span class='ocrx_word' id='word_1_238' title='bbox 547 4380 593 4431; x_wconf 83' lang='lat' dir='ltr'>lat.</span> <span class='ocrx_word' id='word_1_239' title='bbox 606 4381 724 4442; x_wconf 84' lang='lat' dir='ltr'>Append.</span> <span class='ocrx_word' id='word_1_240' title='bbox 738 4395 764 4443; x_wconf 85' lang='lat' dir='ltr'>p.</span> <span class='ocrx_word' id='word_1_241' title='bbox 775 4379 837 4431; x_wconf 74' lang='lat'><strong>260.</strong></span> 
     </span>
    </p>

    <p class='ocr_par' dir='ltr' id='par_1_8' title="bbox 208 4464 1361 4622">
     <span class='ocr_line' id='line_1_34' title="bbox 245 4464 1361 4543; baseline 0.009 -29"><span class='ocrx_word' id='word_1_242' title='bbox 245 4465 385 4534; x_wconf 43' lang='lat' dir='ltr'>(divonem</span> <span class='ocrx_word' id='word_1_243' title='bbox 390 4464 475 4534; x_wconf 82' lang='lat' dir='ltr'>pinsit</span> <span class='ocrx_word' id='word_1_244' title='bbox 485 4481 568 4530; x_wconf 84' lang='lat' dir='ltr'>neque</span> <span class='ocrx_word' id='word_1_245' title='bbox 577 4470 676 4520; x_wconf 86' lang='lat' dir='ltr'>codices</span> <span class='ocrx_word' id='word_1_246' title='bbox 686 4470 781 4543; x_wconf 83' lang='lat' dir='ltr'>habent</span> <span class='ocrx_word' id='word_1_247' title='bbox 789 4483 871 4532; x_wconf 81' lang='lat' dir='ltr'>neque</span> <span class='ocrx_word' id='word_1_248' title='bbox 879 4473 987 4522; x_wconf 81' lang='lat' dir='ltr'>casaub.</span> <span class='ocrx_word' id='word_1_249' title='bbox 997 4473 1110 4532; x_wconf 83' lang='lat' dir='ltr'>(Sueton.</span> <span class='ocrx_word' id='word_1_250' title='bbox 1119 4477 1136 4523; x_wconf 88' lang='lat' dir='ltr'>t.</span> <span class='ocrx_word' id='word_1_251' title='bbox 1145 4491 1183 4530; x_wconf 85' lang='lat' dir='ltr'>m,</span> <span class='ocrx_word' id='word_1_252' title='bbox 1192 4485 1218 4534; x_wconf 83' lang='lat' dir='ltr'>p.</span> <span class='ocrx_word' id='word_1_253' title='bbox 1231 4471 1304 4536; x_wconf 73' lang='lat'>257);</span> <span class='ocrx_word' id='word_1_254' title='bbox 1316 4476 1361 4526; x_wconf 85' lang='lat' dir='ltr'>sed</span> 
     </span>
     <span class='ocr_line' id='line_1_35' title="bbox 208 4551 1272 4622; baseline 0.008 -16"><span class='ocrx_word' id='word_1_255' title='bbox 208 4551 311 4622; x_wconf 71' lang='lat' dir='ltr'>fluuit,</span> <span class='ocrx_word' id='word_1_256' title='bbox 325 4555 550 4616; x_wconf 80' lang='lat' dir='ltr'>priusvocabulurn</span> <span class='ocrx_word' id='word_1_257' title='bbox 563 4558 661 4620; x_wconf 81' lang='lat' dir='ltr'>egregie</span> <span class='ocrx_word' id='word_1_258' title='bbox 675 4558 808 4608; x_wconf 84' lang='lat' dir='ltr'>confirmat</span> <span class='ocrx_word' id='word_1_259' title='bbox 819 4572 847 4609; x_wconf 89' lang='lat' dir='ltr'>ac</span> <span class='ocrx_word' id='word_1_260' title='bbox 856 4565 940 4610; x_wconf 88' lang='lat' dir='ltr'>tuetur</span> <span class='ocrx_word' id='word_1_261' title='bbox 952 4561 1091 4619; x_wconf 83' lang='lat' dir='ltr'>Weicltert,</span> <span class='ocrx_word' id='word_1_262' title='bbox 1105 4574 1131 4622; x_wconf 88' lang='lat' dir='ltr'>p.</span> <span class='ocrx_word' id='word_1_263' title='bbox 1143 4560 1272 4614; x_wconf 72' lang='lat' dir='ltr'>tsi-289.</span> 
     </span>
    </p>

    <p class='ocr_par' dir='ltr' id='par_1_9' title="bbox 246 4640 566 4711">
     <span class='ocr_line' id='line_1_36' title="bbox 246 4640 566 4711; baseline 0.013 -19"><span class='ocrx_word' id='word_1_264' title='bbox 246 4640 284 4707; x_wconf 76' lang='lat'>(5)</span> <span class='ocrx_word' id='word_1_265' title='bbox 298 4646 404 4695; x_wconf 78' lang='lat' dir='ltr'>Sueton.</span> <span class='ocrx_word' id='word_1_266' title='bbox 420 4642 491 4711; x_wconf 74' lang='lat' dir='ltr'>Auy.</span> <span class='ocrx_word' id='word_1_267' title='bbox 506 4665 566 4697; x_wconf 78' lang='lat' dir='ltr'>cxx.</span> 
     </span>
    </p>
   </div>
   <div class='ocr_carea' id='block_1_7' title="bbox 0 0 1586 5214">
    <p class='ocr_par' dir='ltr' id='par_1_10' title="bbox 0 0 1586 5214">
     <span class='ocr_line' id='line_1_37' title="bbox 0 0 1586 5214; baseline 0 4"><span class='ocrx_word' id='word_1_268' title='bbox 0 0 1586 5214; x_wconf 95' lang='lat' dir='ltr'> </span> 
     </span>
    </p>
   </div>
  </div>
 </body>
</html>
