3164 5214
697 294 874 356 „lli-

638 435 950 511 modulaminasilvas‚
1027 471 1031 480 -

431 530 615 608 Evulsosquc
628 534 689 594 suis
700 534 835 612 scopulos
848 533 995 598 radicibus
1005 539 1064 616 agit
1077 533 1130 617 [tl.

245 698 387 778 ¹Nonne
399 705 629 779 horatianum
643 708 750 781 etiam
768 707 856 809 quid
868 711 943 784 haec
957 713 1176 809 personant?

578 897 681 972 jactat,
696 895 777 971 quod
789 912 859 957 mox
870 897 1041 959 laudaverat
1053 900 1085 959 in
1098 916 1129 961 sc
1146 898 1196 980 (a).

261 1044 396 1117 Retulit
420 1068 574 1116 necnon
598 1045 810 1143 ex'Virgilio
831 1046 1030 1137 manubias,
1050 1049 1111 1122 sed
1135 1051 1227 1125 inter
1244 1051 1365 1150 ipsam

212 1157 448 1256 direptionem
463 1173 629 1247 mutatas,
648 1159 802 1232 immane
819 1160 1011 1257 quantumi

395 1364 483 1426 Nulla
492 1365 593 1426 Venus
606 1365 709 1426 iactam
724 1368 802 1443 cepit
815 1368 937 1428 mentita
951 1368 1060 1431 dolosis

391 1463 588 1540 Compedibus
599 1461 651 1542 (3).

245 1645 285 1717 (i)
302 1651 390 1701 Horat.
403 1653 424 1710 i,
436 1652 522 1701 carm.
535 1667 582 1708 ιιι,
599 1651 615 1696 7
631 1664 638 1698 r

384 1807 484 1848 localem
494 1810 575 1849 temera
582 1807 686 1849 insecutas

409 1879 494 1930 orphea
501 1878 567 1920 sllra.

246 2005 284 2055 ld.
298 2007 320 2065 Ι,
334 2005 421 2056 Carni.
433 2023 497 2065 xxsr,
514 2003 598 2053 15-14
614 2018 622 2053 t

383 2143 444 2189 Quod
452 2143 471 2192 si
485 2142 581 2184 Threicio
590 2141 689 2183 blandius
695 2141 780 2195 Orpheo

382 2215 483 2256 Auditum
492 2215 604 2256 moderare
612 2214 724 2255 arboribus
734 2214 806 2256 fidam.

245 2364 284 2415 ld.
296 2364 327 2415 ad
336 2364 424 2416 Pison.
440 2378 466 2418 r.
479 2363 532 2415 595
546 2378 553 2412 :

383 2503 440 2542 Saxa
450 2512 536 2543 morare
545 2512 598 2542 sono
608 2500 732 2551 testudinis,
742 2503 835 2551 storace
845 2500 923 2540 blanda

387 2573 466 2614 itucers
475 2584 518 2622 quo
528 2572 618 2613 vallat...

246 2701 286 2770 (i)
306 2705 394 2754 Horat.
409 2703 442 2753 ad
456 2704 543 2753 Pison.
557 2715 582 2752 v.
598 2701 649 2752 toa
665 2717 672 2751 ε

396 2852 472 2892 brusts
481 2851 602 2900 relinquero
611 2851 697 2903 pernix.

246 2998 305 3047 Non
320 2996 400 3059 liquot
413 3007 463 3058 qua
470 2999 543 3046 astate
554 2995 586 3046 ad
598 2997 703 3046 Pisonos
716 2996 848 3058 epistolam
865 2998 968 3050 breuem
985 2998 1094 3049 uimiset
1105 2998 1274 3050 doctissimam
1291 3012 1357 3050 cou-

211 3086 338 3149 scripserit
349 3085 477 3136 Horatius.
492 3085 519 3135 Si
530 3090 614 3136 nmen
631 3086 678 3136 uiri
690 3086 827 3137 acutissimi
841 3087 971 3149 Wicland,
987 3087 1091 3149 ingenio
1100 3089 1222 3149 considas,
1233 3089 1277 3151 qui
1288 3101 1358 3139 auno

211 3175 292 3234 stau,
304 3169 453 3238 Dassaretas,
464 3177 490 3224 ct
501 3173 643 3225 enucleavit
654 3178 734 3226 artem
748 3175 815 3224 banc
826 3175 950 3237 poeticam
962 3180 988 3226 at
999 3175 1069 3226 miris
1089 3176 1204 3229 uersibus
1216 3177 1242 3227 iu
1255 3190 1357 3240 germa-

212 3263 296 3313 uicum
308 3275 454 3314 sennonem
465 3262 603 3320 transtulit,
616 3275 669 3312 non
683 3263 789 3313 omuino
802 3263 830 3314 in
847 3263 965 3326 ambigua
979 3275 1006 3314 re
1019 3263 1197 3326 pausabimus.
1212 3267 1287 3316 Anno
1301 3267 1354 3315 oir-

211 3351 274 3402 citer
290 3353 324 3402 11.
346 3353 377 3402 c.
398 3350 450 3402 758
465 3346 533 3414 leges
547 3352 592 3402 itas
610 3352 694 3402 fixisse
707 3352 839 3407 litterarius
850 3353 953 3405 Flaccus
970 3352 1160 3404 existimabitur.
1176 3355 1272 3405 consul
1286 3354 1357 3405 enim

212 3440 268 3501 iuit,
277 3453 345 3491 anuo
351 3439 413 3500 759,
421 3442 451 3490 L.
460 3440 502 3491 ills
508 3441 659 3503 Calpurnius
666 3442 734 3499 Piso,
743 3442 844 3492 illorum
858 3445 998 3504 paterquos
1006 3442 1114 3503 juvenes
1126 3440 1274 3504 plerumque
1286 3448 1358 3494 vocat

212 3530 330 3580 Horatius
344 3530 370 3579 in
380 3529 492 3580 carmina
506 3528 542 3596 (v.
554 3531 599 3589 tt,
621 3527 693 3597 366).
712 3531 832 3581 Nondum
849 3530 937 3581 consul
949 3531 1030 3580 luerat
1043 3542 1123 3591 quum
1138 3543 1224 3581 versus
1245 3531 1359 3583 horatia·

213 3632 259 3669 nos
273 3619 382 3681 accepim
398 3631 492 3683 nempe
507 3619 570 3670 uibii
587 3619 620 3670 do
638 3632 665 3670 re
679 3619 706 3670 in
722 3619 827 3682 epistola
841 3620 896 3682 ipsa
907 3618 1087 3681 comperiatur.
1106 3620 1160 3671 Neo
1176 3619 1252 3683 longe
1273 3625 1358 3672 manen

212 3712 287 3758 antea
303 3707 402 3770 scripsit
413 3708 516 3758 Flaccus
528 3707 672 3771 epistolam,
688 3721 767 3770 quum
778 3709 902 3771 majorem
915 3708 1038 3758 Pisonum
1047 3706 1138 3757 talibus
1150 3706 1234 3758 uerbis
1245 3708 1359 3770 alloqua-

212 3801 254 3847 tur
264 3796 381 3859 qualibus
392 3797 456 3847 sirlii
470 3801 540 3848 ueste
554 3797 631 3847 modo
647 3810 699 3847 nou
709 3801 826 3848 ornatum
835 3799 957 3861 juvenem
967 3796 1082 3846 decebat.
1099 3796 1176 3859 Atqui
1188 3795 1255 3846 lleli.
1268 3798 1358 3847 Pater-

212 3885 283 3936 culus
303 3879 342 3952 (n,
361 3883 407 3945 98,
432 3882 448 3950 5
466 3884 494 3952 tl)
514 3885 634 3936 Pisonem
649 3885 721 3935 urbis
733 3885 810 3936 luisse
824 3885 969 3948 prstsctum
986 3887 1102 3942 enarrat,
1117 3895 1186 3933 auno
1204 3884 1237 3934 U.
1248 3884 1279 3934 c.
1295 3883 1358 3944 785,

212 3986 291 4036 quum
306 3973 360 4035 ipse
372 3972 501 4023 historiam
513 3974 670 4038 absolveret‚·
683 3986 730 4024 uec
741 3974 797 4025 fleri
805 3978 887 4036 potest
893 3974 936 4040 qut
944 3973 1011 4034 Piso,
1023 3986 1103 4036 ouum
1113 3985 1182 4023 anuo
1190 3972 1254 4031 785,
1266 3973 1362 4024 securi·

213 4063 270 4112 tatis
282 4061 384 4112 urbanas
395 4062 535 4114 custodiam
546 4063 683 4123 obtineret,
702 4063 867 4126 quadraginta
879 4063 958 4114 ierme
969 4066 1029 4112 aute
1043 4061 1127 4122 annis,
1143 4062 1170 4111 in
1182 4066 1238 4128 toga
1252 4062 1318 4112 uirili
1332 4064 1361 4111 il-

211 4151 275 4200 lium
290 4150 415 4203 babuerit.
429 4153 505 4202 Anno
514 4154 548 4203 U.
559 4153 591 4204 c.
600 4151 651 4202 759
662 4148 767 4204 Bautica*
779 4157 858 4204 astcrn
870 4153 993 4216 poeticam
1003 4151 1034 4202 ab
1046 4150 1149 4202 Horatio
1161 4151 1279 4213 scriptam
1300 4164 1361 4201 cen-

212 4244 266 4298 set;
282 4240 408 4302 Augustus
419 4239 550 4291 Wciclsert
558 4244 616 4304 post
627 4253 724 4294 aunum
734 4241 796 4308 750,
808 4246 868 4293 aute
881 4253 978 4294 annum
993 4239 1055 4300 755,
1071 4252 1126 4290 esse
1138 4239 1280 4290 coniectum
1292 4250 1361 4287 assc-

213 4327 385 4379 reostende
398 4330 428 4379 L.
439 4329 514 4380 vario
525 4335 592 4393 poet.
606 4343 635 4393 p.
647 4329 692 4398 66,
703 4335 729 4383 et
742 4333 841 4382 Poetar.
854 4330 927 4382 latim
939 4329 1012 4393 reliq.
1026 4343 1053 4392 p.
1066 4327 1128 4378 556.

250 4428 290 4501 (5)
309 4434 349 4488 (ll.
362 4435 432 4497 Virg.
443 4437 537 4498 deors.
551 4456 586 4498 ιι,
599 4449 624 4488 v.
640 4438 693 4487 515
706 4452 714 4486 s

411 4557 472 4598 Nulla
483 4558 560 4611 l'enus,
570 4571 613 4601 non
625 4561 664 4600 ulli
674 4560 770 4600 animum
781 4560 859 4601 dexesa
869 4560 981 4611 hymenei.
