3164 5214
633 325 808 387 ..25-

143 467 326 539 claruisse.
350 464 416 537 Sed
441 489 603 560 quaenam
627 464 783 551 luerint,
806 464 841 534 in
866 487 993 559 quem,
1020 476 1082 535 aut
1099 463 1128 533 si
1154 486 1233 558 quae
1249 489 1291 536 ex

143 586 187 654 iis
209 583 387 680 supersint
416 582 594 676 reliquiae,
623 580 784 651 nondum
808 603 986 650 annorum
1012 578 1101 650 serie
1120 577 1291 651 obliviosa
1371 586 1378 603 ¹

144 723 251 770 erasae
267 723 307 768 ac
324 699 464 788 penitus
481 698 687 780 obliteratae‚
708 719 805 765 nunc
822 694 890 764 erit
904 692 1174 787 inquirendum.

194 815 318 884 Exstat
337 813 528 910 praeclarus
551 811 645 908 apud
664 810 947 905 Quinctiliauum
967 808 1079 898 locus,
1095 808 1158 903 qui
1181 809 1292 879 Cassii

145 927 332 1023 cujusdam
353 929 609 1025 fragmentum,
631 927 731 998 nulla
749 926 968 997 discriminis
987 940 1067 995 nota
1088 924 1289 1009 memorati,

145 1043 313 1132 continet,
333 1059 364 1113 et
381 1042 566 1113 doctorum
578 1043 738 1112 virorum
751 1043 887 1111 animos
906 1040 941 1110 in
955 1040 1056 1111 litem
1069 1056 1191 1110 utrum
1205 1039 1293 1108 Par-

145 1160 257 1229 mensi
266 1183 388 1229 versus
401 1157 750 1229 loretcondonandus
761 1181 884 1243 necne,
899 1154 1056 1250 impulit.
1070 1155 1200 1225 Fabius
1213 1169 1293 1225 ante

143 1297 265 1344 omncs
283 1274 358 1370 ipse
377 1274 545 1344 audiatur
568 1303 576 1342 ε
606 1301 624 1339 «
643 1275 689 1343 Et
705 1272 875 1366 qnoniam
900 1269 1073 1342 similium
1092 1269 1159 1339 alia
1188 1270 1293 1341 facies

146 1390 183 1458 in
207 1389 266 1460 tali
285 1390 445 1477 ratione,
472 1388 739 1461 admonendum
758 1402 830 1472 est,
851 1387 968 1456 rarius
985 1410 1059 1457 esse
1082 1387 1119 1455 in
1137 1386 1295 1457 oratione

146 1502 238 1574 illud
256 1529 381 1598 genus,
402 1502 498 1598 quod
513 1508 610 1572 εἰκόνα
628 1502 743 1575 Graeci
762 1519 886 1573 vocant
900 1502 987 1597 (quo
1004 1500 1218 1596 exprimitur
1236 1524 1295 1570 re-

147 1644 228 1690 rum
253 1635 315 1688 aut
336 1643 568 1714 personarum
590 1619 719 1714 imago,
746 1636 787 1689 nt
806 1617 973 1688 Cassius:
994 1615 1089 1712 Quis
1107 1611 1296 1711 istamsa-

147 1737 236 1802 ciem
263 1731 439 1830 loripedis
468 1738 562 1804 senis
581 1730 817 1831 torqucnSP),
837 1755 944 1826 quam
966 1729 1001 1799 id
1027 1755 1099 1824 quo
1125 1729 1297 1826 probabi-

147 1847 217 1918 lius
235 1846 293 1933 fit,
316 1848 410 1942 quod
432 1847 649 1919 intendimus
666 1848 736 1944 (1).
755 1878 772 1913 n
792 1848 938 1918 Minime
955 1845 1107 1915 dubium
1132 1862 1183 1916 est
1206 1845 1296 1939 quin

147 1987 203 2033 res
217 1988 235 2032 e
249 1963 407 2034 comoedo
421 1964 476 2034 vel
491 1989 533 2034 ex
547 1964 837 2059 epigrammatica
854 1977 954 2059 poeta
968 1977 1067 2032 eruta
1083 1960 1141 2033 sit.
1156 1961 1296 2058 Quippe

145 2077 240 2148 risus
268 2095 302 2149 et
332 2079 508 2150 cavillatio
540 2079 674 2150 subest.
721 2078 897 2175 Egregius
936 2077 1168 2170 Quinctiliani
1197 2101 1297 2147 com-

148 2208 333 2284 mentator,
348 2191 551 2290 Spalding,
565 2220 607 2264 ex
626 2194 879 2290 epigrammate
895 2219 1034 2266 versum
1049 2196 1202 2265 relatum
1220 2215 1295 2264 esse

146 2307 315 2403 opinatur
330 2307 396 2404 (2),
416 2331 480 2378 nec
499 2307 636 2379 inficias
655 2309 718 2379 ivit
735 2309 919 2405 Augustus
937 2308 994 2381 W
989 2307 1121 2380 eiclzcrt
1136 2308 1203 2403 (3).
1225 2305 1294 2377 Sed

146 2423 183 2492 in
202 2422 431 2519 ponderando
448 2439 482 2495 et
500 2423 710 2521 corrigendo
740 2425 897 2496 carmine
924 2440 1073 2520 uterque
1099 2423 1294 2520 plurimam

146 2536 267 2610 attulit
286 2552 321 2610 et
333 2537 555 2633 diligentiam
573 2553 608 2610 et
629 2540 863 2626 anxietatem,
885 2555 924 2611 ut
947 2555 1194 2612 tetrametrum
1211 2538 1294 2620 indc

146 2651 355 2743 iambicum,
377 2655 431 2724 vel
452 2655 627 2750 glyconici
645 2678 767 2726 versus
786 2654 999 2751 particulam
1029 2655 1292 2752 asclepiadeum

146 2769 351 2866 excipientis
366 2770 521 2842 eliceret.
540 2771 577 2840 Si
593 2785 671 2867 post
685 2770 925 2842 nobilissimos
936 2769 1077 2864 judices
1094 2794 1169 2840 rem
1189 2770 1292 2840 lateri

146 2876 531 2982 liceat‚'fragmentum
548 2884 655 2980 quale
673 2910 715 2956 cx
735 2877 978 2976 Quinctiliano
1001 2883 1183 2980 protulere
1207 2884 1293 2957 libri

145 3001 373 3072 vetustissimi
390 3001 456 3096 (4),
478 3001 657 3096 integrum
673 3016 706 3071 et
725 2999 935 3071 inviolatum
953 2998 1199 3071 retinebimus.
1221 2998 1292 3070 Ne-

144 3139 214 3209 que
241 3130 435 3187 metrorum
469 3115 713 3188 emendatione
742 3116 901 3187 facienda
932 3116 1193 3187 concutiamur.
1223 3114 1293 3207 Qui

143 3248 361 3327 anapaestum
388 3232 425 3301 in
444 3253 571 3326 quarta
597 3230 678 3302 sede
698 3233 959 3319 toleraverunt,
981 3231 1132 3302 tolerent
1153 3247 1186 3302 et
1205 3229 1292 3301 dac-

144 3347 258 3439 tylum
288 3346 326 3416 in
352 3346 521 3418 secunda.
546 3347 600 3417 Sit
625 3370 750 3417 scazon
780 3348 855 3443 (5),
890 3362 925 3418 et
950 3351 1041 3444 pede
1065 3371 1136 3417 uno
1159 3346 1212 3417 vel
1239 3347 1291 3416 al-

144 3475 219 3532 tero
237 3460 425 3554 claudicet,
452 3463 482 3533 si
500 3486 608 3533 manu
632 3461 755 3559 scripti
780 3461 917 3532 codices
939 3460 1199 3533 claudicantem
1219 3476 1293 3532 tra-

141 3575 263 3647 didere
290 3600 355 3648 nec
379 3577 592 3666 sanabilem;
621 3576 725 3649 modo
755 3577 956 3675 legitimum
976 3592 1157 3650 auctorem
1184 3575 1289 3649 detur

143 3691 330 3788 aucupari.

192 3808 230 3878 Si
248 3830 371 3878 versus
390 3807 547 3878 comicus
561 3825 625 3898 est,
645 3834 714 3903 qua
737 3811 793 3881 via
809 3810 931 3881 Cassio
948 3809 1132 3880 Parmensi
1153 3807 1289 3880 tribua·

143 3937 224 4008 tur,
251 3946 359 4018 quem
384 3922 574 4006 comoedias
602 3925 760 4022 posuisse
789 3951 809 3997 a
838 3927 978 3998 nemine
1004 3939 1186 4023 repertum
1214 3920 1288 3995 sit?

178 4219 213 4287 (t)
233 4220 397 4280 Quinctttian.
413 4220 496 4270 Insttt.
510 4223 603 4268 orator.
617 4239 641 4268 v.
656 4238 684 4280 11,
702 4219 771 4282 (94.

178 4309 211 4374 (ἳ)
230 4309 361 4371 Spalding,
372 4309 398 4357 tn
409 4308 529 4368 Quinctil.
542 4303 563 4358 l.
577 4320 601 4358 c.

178 4399 213 4466 (ὅ)
232 4399 370 4460 Wcicbert,
386 4398 493 4448 doctiss.
505 4400 590 4448 Parra.
607 4402 674 4459 poet.
685 4412 710 4460 p.
722 4398 783 4446 274.

178 4486 215 4553 (t)
232 4488 320 4537 codic.
332 4488 415 4536 Turio.
429 4487 510 4538 Paris.
522 4486 547 4550 l,
558 4487 584 4550 2,
598 4486 615 4536 5
630 4485 699 4552 (th.
715 4491 828 4551 zirmpt„
844 4488 974 4551 supplem.
993 4501 1018 4550 p.
1033 4485 1110 4554 2¹19);
1129 4487 1195 4549 apud
1212 4487 1286 4536 Wei-

141 4579 220 4636 clrert,
239 4591 264 4639 p.
278 4576 340 4626 275.

178 4661 217 4732 (5)
236 4666 275 4716 ct.
289 4665 419 4728 Spalding,
429 4661 447 4716 l.
461 4680 483 4716 c.
