<?xml version="1.0" encoding="UTF-8"?>
<!DOCTYPE html PUBLIC "-//W3C//DTD XHTML 1.0 Transitional//EN"
    "http://www.w3.org/TR/xhtml1/DTD/xhtml1-transitional.dtd">
<html xmlns="http://www.w3.org/1999/xhtml" xml:lang="en" lang="en">
 <head>
  <title>
</title>
<meta http-equiv="Content-Type" content="text/html;charset=utf-8" />
  <meta name='ocr-system' content='tesseract 3.04.00' />
  <meta name='ocr-capabilities' content='ocr_page ocr_carea ocr_par ocr_line ocrx_word'/>
</head>
<body>
  <div class='ocr_page' id='page_1' title='image "./decassioparmens00nicogoog_0067.png"; bbox 0 0 3164 5214; ppageno 0'>
   <div class='ocr_carea' id='block_1_1' title="bbox 709 310 884 373">
    <p class='ocr_par' dir='ltr' id='par_1_1' title="bbox 709 310 884 373">
     <span class='ocr_line' id='line_1_1' title="bbox 709 310 884 373; baseline 0.017 -15"><span class='ocrx_word' id='word_1_1' title='bbox 709 310 884 373; x_wconf 70' lang='lat'>..02-</span> 
     </span>
    </p>
   </div>
   <div class='ocr_carea' id='block_1_2' title="bbox 121 446 1378 782">
    <p class='ocr_par' dir='ltr' id='par_1_2' title="bbox 121 446 1378 782">
     <span class='ocr_line' id='line_1_2' title="bbox 121 446 1378 553; baseline 0.002 -29"><span class='ocrx_word' id='word_1_2' title='bbox 121 486 127 499; x_wconf 91' lang='lat'><strong>·</strong></span> <span class='ocrx_word' id='word_1_3' title='bbox 215 451 352 541; x_wconf 81' lang='lat' dir='ltr'>Cassio,</span> <span class='ocrx_word' id='word_1_4' title='bbox 371 447 467 546; x_wconf 93' lang='lat' dir='ltr'>quod</span> <span class='ocrx_word' id='word_1_5' title='bbox 487 473 529 522; x_wconf 85' lang='lat' dir='ltr'>ex</span> <span class='ocrx_word' id='word_1_6' title='bbox 554 446 632 544; x_wconf 79' lang='lat' dir='ltr'>ejus</span> <span class='ocrx_word' id='word_1_7' title='bbox 649 447 795 547; x_wconf 88' lang='lat' dir='ltr'>poeticis</span> <span class='ocrx_word' id='word_1_8' title='bbox 812 449 983 548; x_wconf 79' lang='lat' dir='ltr'>operibus</span> <span class='ocrx_word' id='word_1_9' title='bbox 1002 452 1168 525; x_wconf 84' lang='lat' dir='ltr'>versiculi</span> <span class='ocrx_word' id='word_1_10' title='bbox 1189 454 1378 553; x_wconf 80' lang='lat' dir='ltr'>fragmen-</span> 
     </span>
     <span class='ocr_line' id='line_1_3' title="bbox 218 563 1377 666; baseline 0.004 -27"><span class='ocrx_word' id='word_1_11' title='bbox 218 581 310 650; x_wconf 91' lang='lat' dir='ltr'>tum,</span> <span class='ocrx_word' id='word_1_12' title='bbox 327 578 361 638; x_wconf 93' lang='lat' dir='ltr'>et</span> <span class='ocrx_word' id='word_1_13' title='bbox 380 588 422 637; x_wconf 85' lang='lat' dir='ltr'>ex</span> <span class='ocrx_word' id='word_1_14' title='bbox 444 563 569 638; x_wconf 80' lang='lat' dir='ltr'>solutae</span> <span class='ocrx_word' id='word_1_15' title='bbox 592 564 763 638; x_wconf 87' lang='lat' dir='ltr'>orationis</span> <span class='ocrx_word' id='word_1_16' title='bbox 786 567 1026 640; x_wconf 72' lang='lat' dir='ltr'><strong>monumentis</strong></span> <span class='ocrx_word' id='word_1_17' title='bbox 1051 568 1208 666; x_wconf 76' lang='lat' dir='ltr'>epistolae</span> <span class='ocrx_word' id='word_1_18' title='bbox 1235 582 1377 644; x_wconf 91' lang='lat' dir='ltr'>tantum</span> 
     </span>
     <span class='ocr_line' id='line_1_4' title="bbox 214 680 978 782; baseline -0.003 -27"><span class='ocrx_word' id='word_1_19' title='bbox 214 681 434 782; x_wconf 70' lang='lat' dir='ltr'>particulam</span> <span class='ocrx_word' id='word_1_20' title='bbox 449 680 672 780; x_wconf 78' lang='lat' dir='ltr'>superavisse</span> <span class='ocrx_word' id='word_1_21' title='bbox 689 681 978 755; x_wconf 85' lang='lat' dir='ltr'>confirmaretur.</span> 
     </span>
    </p>
   </div>
   <div class='ocr_carea' id='block_1_3' title="bbox 739 963 843 979">
    <p class='ocr_par' dir='ltr' id='par_1_3' title="bbox 739 963 843 979">
     <span class='ocr_line' id='line_1_5' title="bbox 739 963 843 979; baseline -0.029 0"><span class='ocrx_word' id='word_1_22' title='bbox 739 963 843 979; x_wconf 49' lang='lat' dir='ltr'><strong><em>m</em></strong></span> 
     </span>
    </p>
   </div>
   <div class='ocr_carea' id='block_1_4' title="bbox 624 1161 1066 1265">
    <p class='ocr_par' dir='ltr' id='par_1_4' title="bbox 624 1161 1066 1265">
     <span class='ocr_line' id='line_1_6' title="bbox 624 1161 1066 1265; baseline -0.023 -3"><span class='ocrx_word' id='word_1_23' title='bbox 624 1161 966 1265; x_wconf 86' lang='lat' dir='ltr'>EPILOGUS.</span> <span class='ocrx_word' id='word_1_24' title='bbox 1063 1246 1066 1252; x_wconf 78' lang='grc'><strong>,</strong></span> 
     </span>
    </p>
   </div>
   <div class='ocr_carea' id='block_1_5' title="bbox 739 1430 846 1447">
    <p class='ocr_par' dir='ltr' id='par_1_5' title="bbox 739 1430 846 1447">
     <span class='ocr_line' id='line_1_7' title="bbox 739 1430 846 1447; baseline -0.019 0"><span class='ocrx_word' id='word_1_25' title='bbox 739 1430 846 1447; x_wconf 46' lang='grc' dir='ltr'><strong>ψ</strong></span> 
     </span>
    </p>
   </div>
   <div class='ocr_carea' id='block_1_6' title="bbox 212 1598 1371 2625">
    <p class='ocr_par' dir='ltr' id='par_1_6' title="bbox 212 1598 1371 2046">
     <span class='ocr_line' id='line_1_8' title="bbox 263 1598 1370 1702; baseline -0.003 -26"><span class='ocrx_word' id='word_1_26' title='bbox 263 1603 291 1676; x_wconf 90' lang='grc' dir='ltr'>Ι.</span> <span class='ocrx_word' id='word_1_27' title='bbox 318 1599 483 1702; x_wconf 75' lang='lat' dir='ltr'>Orpheus</span> <span class='ocrx_word' id='word_1_28' title='bbox 496 1599 607 1690; x_wconf 92' lang='lat' dir='ltr'>enim,</span> <span class='ocrx_word' id='word_1_29' title='bbox 622 1598 834 1696; x_wconf 90' lang='lat' dir='ltr'>neutiquam</span> <span class='ocrx_word' id='word_1_30' title='bbox 850 1598 1004 1671; x_wconf 90' lang='lat' dir='ltr'>latinum</span> <span class='ocrx_word' id='word_1_31' title='bbox 1019 1623 1177 1690; x_wconf 89' lang='lat' dir='ltr'>carmen,</span> <span class='ocrx_word' id='word_1_32' title='bbox 1189 1616 1370 1675; x_wconf 85' lang='lat' dir='ltr'>recentem</span> 
     </span>
     <span class='ocr_line' id='line_1_9' title="bbox 214 1714 1371 1815; baseline -0.002 -24"><span class='ocrx_word' id='word_1_33' title='bbox 214 1732 250 1792; x_wconf 92' lang='lat' dir='ltr'>et</span> <span class='ocrx_word' id='word_1_34' title='bbox 269 1716 535 1815; x_wconf 90' lang='lat' dir='ltr'>deprehensum</span> <span class='ocrx_word' id='word_1_35' title='bbox 552 1728 735 1788; x_wconf 83' lang='lat' dir='ltr'>auctorem</span> <span class='ocrx_word' id='word_1_36' title='bbox 753 1714 875 1788; x_wconf 91' lang='lat' dir='ltr'>habet.</span> <span class='ocrx_word' id='word_1_37' title='bbox 891 1715 1016 1811; x_wconf 89' lang='lat' dir='ltr'>Neque</span> <span class='ocrx_word' id='word_1_38' title='bbox 1039 1743 1082 1789; x_wconf 84' lang='lat' dir='ltr'>ex</span> <span class='ocrx_word' id='word_1_39' title='bbox 1107 1717 1280 1814; x_wconf 86' lang='lat' dir='ltr'>opusculo</span> <span class='ocrx_word' id='word_1_40' title='bbox 1305 1717 1371 1789; x_wconf 95' lang='lat' dir='ltr'>illo</span> 
     </span>
     <span class='ocr_line' id='line_1_10' title="bbox 213 1828 1371 1931; baseline 0 -25"><span class='ocrx_word' id='word_1_41' title='bbox 213 1833 420 1908; x_wconf 85' lang='lat' dir='ltr'>hexametro</span> <span class='ocrx_word' id='word_1_42' title='bbox 436 1830 558 1928; x_wconf 80' lang='lat' dir='ltr'><strong>colligi</strong></span> <span class='ocrx_word' id='word_1_43' title='bbox 573 1845 704 1930; x_wconf 87' lang='lat' dir='ltr'>posset,</span> <span class='ocrx_word' id='word_1_44' title='bbox 724 1828 829 1902; x_wconf 93' lang='lat' dir='ltr'>modo</span> <span class='ocrx_word' id='word_1_45' title='bbox 847 1831 1061 1904; x_wconf 86' lang='lat' dir='ltr'>Cassianum</span> <span class='ocrx_word' id='word_1_46' title='bbox 1079 1831 1190 1922; x_wconf 84' lang='lat' dir='ltr'>foret,</span> <span class='ocrx_word' id='word_1_47' title='bbox 1207 1848 1269 1906; x_wconf 90' lang='lat' dir='ltr'>aut</span> <span class='ocrx_word' id='word_1_48' title='bbox 1288 1832 1371 1931; x_wconf 91' lang='lat' dir='ltr'>epi-</span> 
     </span>
     <span class='ocr_line' id='line_1_11' title="bbox 212 1946 1118 2046; baseline -0.004 -23"><span class='ocrx_word' id='word_1_49' title='bbox 212 1974 311 2039; x_wconf 88' lang='lat' dir='ltr'>cum,</span> <span class='ocrx_word' id='word_1_50' title='bbox 330 1963 394 2022; x_wconf 91' lang='lat' dir='ltr'>aut</span> <span class='ocrx_word' id='word_1_51' title='bbox 406 1948 634 2046; x_wconf 88' lang='lat' dir='ltr'>pastoritium</span> <span class='ocrx_word' id='word_1_52' title='bbox 653 1946 763 2021; x_wconf 85' lang='lat' dir='ltr'>fuisse</span> <span class='ocrx_word' id='word_1_53' title='bbox 782 1963 921 2045; x_wconf 91' lang='lat' dir='ltr'>poetam</span> <span class='ocrx_word' id='word_1_54' title='bbox 938 1949 1118 2021; x_wconf 90' lang='lat' dir='ltr'>Cassium.</span> 
     </span>
    </p>

    <p class='ocr_par' dir='ltr' id='par_1_7' title="bbox 212 2061 1370 2625">
     <span class='ocr_line' id='line_1_12' title="bbox 262 2061 1368 2162; baseline -0.003 -23"><span class='ocrx_word' id='word_1_55' title='bbox 262 2067 308 2138; x_wconf 92' lang='lat'>11.</span> <span class='ocrx_word' id='word_1_56' title='bbox 327 2064 611 2162; x_wconf 78' lang='lat' dir='ltr'>Epigrammata,</span> <span class='ocrx_word' id='word_1_57' title='bbox 635 2061 766 2160; x_wconf 76' lang='lat' dir='ltr'>elegias</span> <span class='ocrx_word' id='word_1_58' title='bbox 784 2077 817 2135; x_wconf 90' lang='lat' dir='ltr'>et</span> <span class='ocrx_word' id='word_1_59' title='bbox 835 2061 1023 2160; x_wconf 80' lang='lat' dir='ltr'>tragoedias</span> <span class='ocrx_word' id='word_1_60' title='bbox 1040 2063 1235 2137; x_wconf 82' lang='lat' dir='ltr'>coniecisse</span> <span class='ocrx_word' id='word_1_61' title='bbox 1249 2064 1368 2136; x_wconf 88' lang='lat' dir='ltr'>mani-</span> 
     </span>
     <span class='ocr_line' id='line_1_13' title="bbox 214 2176 1365 2275; baseline -0.003 -21"><span class='ocrx_word' id='word_1_62' title='bbox 214 2181 345 2254; x_wconf 79' lang='lat' dir='ltr'>festum</span> <span class='ocrx_word' id='word_1_63' title='bbox 363 2194 416 2252; x_wconf 90' lang='lat' dir='ltr'>cst</span> <span class='ocrx_word' id='word_1_64' title='bbox 426 2209 437 2272; x_wconf 82' lang='lat'>3</span> <span class='ocrx_word' id='word_1_65' title='bbox 456 2177 501 2250; x_wconf 87' lang='lat' dir='ltr'>ad</span> <span class='ocrx_word' id='word_1_66' title='bbox 520 2203 586 2250; x_wconf 93' lang='lat' dir='ltr'>nos</span> <span class='ocrx_word' id='word_1_67' title='bbox 604 2176 709 2250; x_wconf 91' lang='lat' dir='ltr'>modo</span> <span class='ocrx_word' id='word_1_68' title='bbox 726 2177 844 2251; x_wconf 90' lang='lat' dir='ltr'>tenuis</span> <span class='ocrx_word' id='word_1_69' title='bbox 864 2201 988 2255; x_wconf 90' lang='lat' dir='ltr'>rerum</span> <span class='ocrx_word' id='word_1_70' title='bbox 1002 2177 1203 2275; x_wconf 87' lang='lat' dir='ltr'>perlabitur</span> <span class='ocrx_word' id='word_1_71' title='bbox 1215 2179 1365 2271; x_wconf 89' lang='lat' dir='ltr'>notitia;</span> 
     </span>
     <span class='ocr_line' id='line_1_14' title="bbox 212 2288 1370 2395; baseline 0 -27"><span class='ocrx_word' id='word_1_72' title='bbox 212 2288 310 2395; x_wconf 90' lang='lat' dir='ltr'>quod</span> <span class='ocrx_word' id='word_1_73' title='bbox 326 2294 412 2368; x_wconf 92' lang='lat' dir='ltr'>citat</span> <span class='ocrx_word' id='word_1_74' title='bbox 430 2294 694 2390; x_wconf 88' lang='lat' dir='ltr'>Quinctilianus</span> <span class='ocrx_word' id='word_1_75' title='bbox 714 2293 925 2367; x_wconf 89' lang='lat' dir='ltr'>Cassianum</span> <span class='ocrx_word' id='word_1_76' title='bbox 946 2293 1180 2393; x_wconf 88' lang='lat' dir='ltr'>epigramma,</span> <span class='ocrx_word' id='word_1_77' title='bbox 1201 2320 1281 2392; x_wconf 86' lang='lat' dir='ltr'>quae</span> <span class='ocrx_word' id='word_1_78' title='bbox 1306 2319 1370 2368; x_wconf 89' lang='lat' dir='ltr'>re·</span> 
     </span>
     <span class='ocr_line' id='line_1_15' title="bbox 212 2398 1370 2508; baseline -0.001 -22"><span class='ocrx_word' id='word_1_79' title='bbox 212 2411 299 2486; x_wconf 93' lang='lat' dir='ltr'>tulit</span> <span class='ocrx_word' id='word_1_80' title='bbox 320 2413 467 2508; x_wconf 64' lang='lat' dir='ltr'>managei</span> <span class='ocrx_word' id='word_1_81' title='bbox 493 2434 603 2508; x_wconf 89' lang='lat' dir='ltr'>super</span> <span class='ocrx_word' id='word_1_82' title='bbox 626 2398 819 2485; x_wconf 87' lang='lat' dir='ltr'>Octaviano</span> <span class='ocrx_word' id='word_1_83' title='bbox 845 2409 1005 2483; x_wconf 90' lang='lat' dir='ltr'>carmina</span> <span class='ocrx_word' id='word_1_84' title='bbox 1032 2412 1244 2502; x_wconf 89' lang='lat' dir='ltr'>Suetonius,</span> <span class='ocrx_word' id='word_1_85' title='bbox 1269 2412 1370 2485; x_wconf 85' lang='lat' dir='ltr'>credi</span> 
     </span>
     <span class='ocr_line' id='line_1_16' title="bbox 212 2523 1370 2625; baseline -0.001 -26"><span class='ocrx_word' id='word_1_86' title='bbox 212 2540 327 2625; x_wconf 88' lang='lat' dir='ltr'>potest</span> <span class='ocrx_word' id='word_1_87' title='bbox 345 2550 417 2597; x_wconf 93' lang='lat' dir='ltr'>non</span> <span class='ocrx_word' id='word_1_88' title='bbox 436 2549 512 2597; x_wconf 88' lang='lat' dir='ltr'>esse</span> <span class='ocrx_word' id='word_1_89' title='bbox 525 2526 639 2597; x_wconf 86' lang='lat' dir='ltr'>Cassii</span> <span class='ocrx_word' id='word_1_90' title='bbox 655 2525 871 2597; x_wconf 86' lang='lat' dir='ltr'>Parmensis.</span> <span class='ocrx_word' id='word_1_91' title='bbox 890 2523 1000 2596; x_wconf 85' lang='lat' dir='ltr'>Periit</span> <span class='ocrx_word' id='word_1_92' title='bbox 1014 2524 1248 2623; x_wconf 84' lang='lat' dir='ltr'>elegidiorum</span> <span class='ocrx_word' id='word_1_93' title='bbox 1259 2525 1370 2598; x_wconf 91' lang='lat' dir='ltr'>libel·</span> 
     </span>
    </p>
   </div>
   <div class='ocr_carea' id='block_1_7' title="bbox 212 2636 1369 2741">
    <p class='ocr_par' dir='ltr' id='par_1_8' title="bbox 212 2636 1369 2741">
     <span class='ocr_line' id='line_1_17' title="bbox 212 2636 1369 2741; baseline 0 -28"><span class='ocrx_word' id='word_1_94' title='bbox 212 2640 290 2730; x_wconf 88' lang='lat' dir='ltr'>lus;</span> <span class='ocrx_word' id='word_1_95' title='bbox 316 2640 503 2738; x_wconf 92' lang='lat' dir='ltr'>perierunt</span> <span class='ocrx_word' id='word_1_96' title='bbox 528 2654 563 2712; x_wconf 89' lang='lat' dir='ltr'>ct</span> <span class='ocrx_word' id='word_1_97' title='bbox 585 2636 786 2736; x_wconf 79' lang='lat' dir='ltr'>tragoediae,</span> <span class='ocrx_word' id='word_1_98' title='bbox 816 2652 963 2737; x_wconf 87' lang='lat' dir='ltr'>excepto</span> <span class='ocrx_word' id='word_1_99' title='bbox 984 2637 1096 2710; x_wconf 85' lang='lat' dir='ltr'>Bruti</span> <span class='ocrx_word' id='word_1_100' title='bbox 1120 2639 1251 2713; x_wconf 76' lang='lat' dir='ltr'>fabulae</span> <span class='ocrx_word' id='word_1_101' title='bbox 1271 2640 1369 2741; x_wconf 84' lang='lat' dir='ltr'>frag-</span> 
     </span>
    </p>
   </div>
   <div class='ocr_carea' id='block_1_8' title="bbox 212 2752 1367 3415">
    <p class='ocr_par' dir='ltr' id='par_1_9' title="bbox 212 2752 1143 2861">
     <span class='ocr_line' id='line_1_18' title="bbox 212 2752 1143 2861; baseline -0.005 -23"><span class='ocrx_word' id='word_1_102' title='bbox 212 2784 345 2838; x_wconf 90' lang='lat' dir='ltr'>mento.</span> <span class='ocrx_word' id='word_1_103' title='bbox 367 2762 447 2838; x_wconf 91' lang='lat' dir='ltr'>Non</span> <span class='ocrx_word' id='word_1_104' title='bbox 468 2761 537 2836; x_wconf 84' lang='lat' dir='ltr'>fuit</span> <span class='ocrx_word' id='word_1_105' title='bbox 553 2762 756 2835; x_wconf 86' lang='lat' dir='ltr'>Parmensis</span> <span class='ocrx_word' id='word_1_106' title='bbox 775 2752 885 2860; x_wconf 74' lang='lat' dir='ltr'>poetae</span> <span class='ocrx_word' id='word_1_107' title='bbox 903 2765 941 2836; x_wconf 95' lang='lat' dir='ltr'>lo</span> <span class='ocrx_word' id='word_1_108' title='bbox 959 2761 1143 2861; x_wconf 87' lang='lat' dir='ltr'>tragoediu.</span> 
     </span>
    </p>

    <p class='ocr_par' dir='ltr' id='par_1_10' title="bbox 212 2877 1367 3415">
     <span class='ocr_line' id='line_1_19' title="bbox 263 2877 1367 2978; baseline -0.001 -25"><span class='ocrx_word' id='word_1_109' title='bbox 263 2881 326 2953; x_wconf 90' lang='lat'><em>111.</em></span> <span class='ocrx_word' id='word_1_110' title='bbox 344 2878 523 2978; x_wconf 88' lang='lat' dir='ltr'>Epistolas</span> <span class='ocrx_word' id='word_1_111' title='bbox 553 2878 737 2975; x_wconf 87' lang='lat' dir='ltr'>scripsisse</span> <span class='ocrx_word' id='word_1_112' title='bbox 756 2903 840 2952; x_wconf 91' lang='lat' dir='ltr'>eum</span> <span class='ocrx_word' id='word_1_113' title='bbox 861 2892 1106 2953; x_wconf 87' lang='lat' dir='ltr'>contestantur</span> <span class='ocrx_word' id='word_1_114' title='bbox 1134 2877 1367 2975; x_wconf 90' lang='lat' dir='ltr'>antiquorum</span> 
     </span>
     <span class='ocr_line' id='line_1_20' title="bbox 213 2991 1367 3091; baseline -0.001 -23"><span class='ocrx_word' id='word_1_115' title='bbox 213 3010 377 3068; x_wconf 83' lang='lat' dir='ltr'>auctores</span> <span class='ocrx_word' id='word_1_116' title='bbox 404 2992 621 3091; x_wconf 86' lang='lat' dir='ltr'>gravissimi.</span> <span class='ocrx_word' id='word_1_117' title='bbox 647 2991 716 3064; x_wconf 87' lang='lat' dir='ltr'>Sed</span> <span class='ocrx_word' id='word_1_118' title='bbox 744 3017 860 3064; x_wconf 88' lang='lat' dir='ltr'>unum</span> <span class='ocrx_word' id='word_1_119' title='bbox 889 3009 1051 3091; x_wconf 88' lang='lat' dir='ltr'>superest</span> <span class='ocrx_word' id='word_1_120' title='bbox 1081 2992 1118 3065; x_wconf 95' lang='lat' dir='ltr'>in</span> <span class='ocrx_word' id='word_1_121' title='bbox 1150 2994 1367 3091; x_wconf 81' lang='lat' dir='ltr'>Tranquillo</span> 
     </span>
     <span class='ocr_line' id='line_1_21' title="bbox 214 3104 1367 3204; baseline 0.002 -23"><span class='ocrx_word' id='word_1_122' title='bbox 214 3108 436 3196; x_wconf 83' lang='lat' dir='ltr'>frustulum,</span> <span class='ocrx_word' id='word_1_123' title='bbox 454 3104 553 3179; x_wconf 92' lang='lat' dir='ltr'>haud</span> <span class='ocrx_word' id='word_1_124' title='bbox 572 3105 742 3204; x_wconf 88' lang='lat' dir='ltr'>ignobile.</span> <span class='ocrx_word' id='word_1_125' title='bbox 759 3108 840 3180; x_wconf 87' lang='lat' dir='ltr'>Jam</span> <span class='ocrx_word' id='word_1_126' title='bbox 862 3105 1061 3198; x_wconf 86' lang='lat' dir='ltr'>historicis,</span> <span class='ocrx_word' id='word_1_127' title='bbox 1081 3107 1183 3180; x_wconf 93' lang='lat' dir='ltr'>nullo</span> <span class='ocrx_word' id='word_1_128' title='bbox 1205 3123 1367 3183; x_wconf 88' lang='lat' dir='ltr'>veterum</span> 
     </span>
     <span class='ocr_line' id='line_1_22' title="bbox 213 3222 1367 3322; baseline 0 -22"><span class='ocrx_word' id='word_1_129' title='bbox 213 3224 436 3315; x_wconf 92' lang='lat' dir='ltr'>testimonio,</span> <span class='ocrx_word' id='word_1_130' title='bbox 456 3222 519 3296; x_wconf 86' lang='lat' dir='ltr'>sed</span> <span class='ocrx_word' id='word_1_131' title='bbox 535 3222 737 3296; x_wconf 90' lang='lat' dir='ltr'>miserrima</span> <span class='ocrx_word' id='word_1_132' title='bbox 755 3224 943 3297; x_wconf 90' lang='lat' dir='ltr'>nominum</span> <span class='ocrx_word' id='word_1_133' title='bbox 962 3223 1198 3322; x_wconf 82' lang='lat' dir='ltr'>permixtione</span> <span class='ocrx_word' id='word_1_134' title='bbox 1211 3224 1367 3300; x_wconf 86' lang='lat' dir='ltr'>insertus</span> 
     </span>
     <span class='ocr_line' id='line_1_23' title="bbox 212 3337 659 3415; baseline -0.011 0"><span class='ocrx_word' id='word_1_135' title='bbox 212 3355 265 3415; x_wconf 89' lang='lat' dir='ltr'>est</span> <span class='ocrx_word' id='word_1_136' title='bbox 283 3339 429 3414; x_wconf 88' lang='lat' dir='ltr'>Cassius</span> <span class='ocrx_word' id='word_1_137' title='bbox 442 3337 659 3411; x_wconf 89' lang='lat' dir='ltr'>Parmensis.</span> 
     </span>
    </p>
   </div>
   <div class='ocr_carea' id='block_1_9' title="bbox 157 3571 1367 4257">
    <p class='ocr_par' dir='ltr' id='par_1_11' title="bbox 157 3571 1367 4257">
     <span class='ocr_line' id='line_1_24' title="bbox 214 3571 1365 3639; baseline 0.004 -14"><span class='ocrx_word' id='word_1_138' title='bbox 214 3573 485 3636; x_wconf 77' lang='lat' dir='ltr'>moremurtttptstou</span> <span class='ocrx_word' id='word_1_139' title='bbox 498 3572 584 3624; x_wconf 87' lang='lat' dir='ltr'>critica</span> <span class='ocrx_word' id='word_1_140' title='bbox 596 3571 628 3624; x_wconf 89' lang='lat' dir='ltr'>dc</span> <span class='ocrx_word' id='word_1_141' title='bbox 638 3574 668 3625; x_wconf 84' lang='lat' dir='ltr'>c.</span> <span class='ocrx_word' id='word_1_142' title='bbox 680 3573 774 3624; x_wconf 82' lang='lat' dir='ltr'>Valerii</span> <span class='ocrx_word' id='word_1_143' title='bbox 789 3573 871 3625; x_wconf 79' lang='lat' dir='ltr'>Flacci</span> <span class='ocrx_word' id='word_1_144' title='bbox 890 3574 1065 3638; x_wconf 76' lang='lat' dir='ltr'>Argonauticia</span> <span class='ocrx_word' id='word_1_145' title='bbox 1080 3571 1160 3639; x_wconf 79' lang='lat' dir='ltr'>(Lips.</span> <span class='ocrx_word' id='word_1_146' title='bbox 1178 3573 1262 3633; x_wconf 73' lang='grc'><strong>1811,</strong></span> <span class='ocrx_word' id='word_1_147' title='bbox 1277 3574 1365 3630; x_wconf 75' lang='lat' dir='ltr'>Meles.</span> 
     </span>
     <span class='ocr_line' id='line_1_25' title="bbox 215 3660 1367 3729; baseline 0.002 -17"><span class='ocrx_word' id='word_1_148' title='bbox 215 3660 295 3729; x_wconf 72' lang='lat'>1821)</span> <span class='ocrx_word' id='word_1_149' title='bbox 308 3662 417 3714; x_wconf 88' lang='lat' dir='ltr'>litterato</span> <span class='ocrx_word' id='word_1_150' title='bbox 426 3661 517 3724; x_wconf 87' lang='lat' dir='ltr'>cuique</span> <span class='ocrx_word' id='word_1_151' title='bbox 529 3662 656 3722; x_wconf 87' lang='lat' dir='ltr'>innotult;</span> <span class='ocrx_word' id='word_1_152' title='bbox 672 3673 721 3712; x_wconf 88' lang='lat' dir='ltr'>uec</span> <span class='ocrx_word' id='word_1_153' title='bbox 737 3661 875 3712; x_wconf 79' lang='lat' dir='ltr'>referamus</span> <span class='ocrx_word' id='word_1_154' title='bbox 888 3666 925 3713; x_wconf 87' lang='lat' dir='ltr'>tot</span> <span class='ocrx_word' id='word_1_155' title='bbox 938 3662 1055 3712; x_wconf 83' lang='lat' dir='ltr'>manibus</span> <span class='ocrx_word' id='word_1_156' title='bbox 1065 3661 1187 3713; x_wconf 83' lang='lat' dir='ltr'>obtritum</span> <span class='ocrx_word' id='word_1_157' title='bbox 1200 3663 1319 3714; x_wconf 86' lang='lat' dir='ltr'>volumen</span> <span class='ocrx_word' id='word_1_158' title='bbox 1332 3663 1367 3715; x_wconf 90' lang='lat' dir='ltr'>de</span> 
     </span>
     <span class='ocr_line' id='line_1_26' title="bbox 213 3749 1364 3817; baseline -0.003 -14"><span class='ocrx_word' id='word_1_159' title='bbox 213 3756 345 3814; x_wconf 84' lang='lat' dir='ltr'>poctarum</span> <span class='ocrx_word' id='word_1_160' title='bbox 360 3750 496 3801; x_wconf 87' lang='lat' dir='ltr'>latinorum</span> <span class='ocrx_word' id='word_1_161' title='bbox 511 3750 625 3814; x_wconf 86' lang='lat' dir='ltr'>reliquiis</span> <span class='ocrx_word' id='word_1_162' title='bbox 641 3751 719 3815; x_wconf 78' lang='lat' dir='ltr'>(ttps.</span> <span class='ocrx_word' id='word_1_163' title='bbox 739 3749 829 3817; x_wconf 77' lang='lat'>1850).</span> <span class='ocrx_word' id='word_1_164' title='bbox 843 3753 899 3811; x_wconf 86' lang='lat' dir='ltr'>Quo</span> <span class='ocrx_word' id='word_1_165' title='bbox 915 3750 980 3801; x_wconf 82' lang='lat' dir='ltr'>nihil</span> <span class='ocrx_word' id='word_1_166' title='bbox 990 3762 1074 3813; x_wconf 85' lang='lat' dir='ltr'>neque</span> <span class='ocrx_word' id='word_1_167' title='bbox 1090 3750 1198 3811; x_wconf 83' lang='lat' dir='ltr'>doctius,</span> <span class='ocrx_word' id='word_1_168' title='bbox 1214 3763 1298 3814; x_wconf 86' lang='lat' dir='ltr'>neque</span> <span class='ocrx_word' id='word_1_169' title='bbox 1317 3762 1364 3801; x_wconf 80' lang='lat' dir='ltr'>er-</span> 
     </span>
     <span class='ocr_line' id='line_1_27' title="bbox 214 3838 1363 3903; baseline -0.003 -13"><span class='ocrx_word' id='word_1_170' title='bbox 214 3840 330 3903; x_wconf 83' lang='lat' dir='ltr'>qulsitlus</span> <span class='ocrx_word' id='word_1_171' title='bbox 344 3839 479 3890; x_wconf 86' lang='lat' dir='ltr'>memorari</span> <span class='ocrx_word' id='word_1_172' title='bbox 494 3844 579 3902; x_wconf 84' lang='lat' dir='ltr'>queat,</span> <span class='ocrx_word' id='word_1_173' title='bbox 596 3851 644 3890; x_wconf 89' lang='lat' dir='ltr'>neo</span> <span class='ocrx_word' id='word_1_174' title='bbox 655 3839 725 3890; x_wconf 87' lang='lat' dir='ltr'>unde</span> <span class='ocrx_word' id='word_1_175' title='bbox 740 3838 797 3901; x_wconf 83' lang='lat' dir='ltr'>plus</span> <span class='ocrx_word' id='word_1_176' title='bbox 810 3838 873 3890; x_wconf 84' lang='lat' dir='ltr'>lucie</span> <span class='ocrx_word' id='word_1_177' title='bbox 886 3839 914 3888; x_wconf 89' lang='lat' dir='ltr'>ln</span> <span class='ocrx_word' id='word_1_178' title='bbox 927 3838 1020 3899; x_wconf 83' lang='lat' dir='ltr'>Hostii,</span> <span class='ocrx_word' id='word_1_179' title='bbox 1032 3838 1120 3899; x_wconf 77' lang='lat' dir='ltr'>Lorii,</span> <span class='ocrx_word' id='word_1_180' title='bbox 1138 3840 1167 3890; x_wconf 83' lang='lat' dir='ltr'>G.</span> <span class='ocrx_word' id='word_1_181' title='bbox 1181 3839 1272 3889; x_wconf 86' lang='lat' dir='ltr'>Licinii</span> <span class='ocrx_word' id='word_1_182' title='bbox 1281 3839 1363 3899; x_wconf 85' lang='lat' dir='ltr'>calvi,</span> 
     </span>
     <span class='ocr_line' id='line_1_28' title="bbox 214 3925 1364 3993; baseline -0.003 -14"><span class='ocrx_word' id='word_1_183' title='bbox 214 3928 244 3979; x_wconf 82' lang='lat' dir='ltr'>(l.</span> <span class='ocrx_word' id='word_1_184' title='bbox 260 3927 344 3978; x_wconf 82' lang='lat' dir='ltr'>Helvii</span> <span class='ocrx_word' id='word_1_185' title='bbox 356 3928 455 3987; x_wconf 76' lang='lat' dir='ltr'>cinna,</span> <span class='ocrx_word' id='word_1_186' title='bbox 467 3927 499 3977; x_wconf 86' lang='lat' dir='ltr'>c.</span> <span class='ocrx_word' id='word_1_187' title='bbox 513 3926 594 3990; x_wconf 76' lang='lat' dir='ltr'>Volgil</span> <span class='ocrx_word' id='word_1_188' title='bbox 604 3925 673 3985; x_wconf 81' lang='lat' dir='ltr'>Rufi,</span> <span class='ocrx_word' id='word_1_189' title='bbox 687 3927 792 3976; x_wconf 87' lang='lat' dir='ltr'>Domitii</span> <span class='ocrx_word' id='word_1_190' title='bbox 803 3927 891 3987; x_wconf 82' lang='grc'><strong>111111,</strong></span> <span class='ocrx_word' id='word_1_191' title='bbox 903 3929 989 3988; x_wconf 86' lang='lat' dir='ltr'>totque</span> <span class='ocrx_word' id='word_1_192' title='bbox 998 3925 1107 3976; x_wconf 89' lang='lat' dir='ltr'>allorum</span> <span class='ocrx_word' id='word_1_193' title='bbox 1119 3925 1194 3977; x_wconf 86' lang='lat' dir='ltr'>vitam</span> <span class='ocrx_word' id='word_1_194' title='bbox 1205 3930 1231 3977; x_wconf 89' lang='lat' dir='ltr'>ct</span> <span class='ocrx_word' id='word_1_195' title='bbox 1240 3927 1364 3993; x_wconf 84' lang='lat' dir='ltr'>carmina,</span> 
     </span>
     <span class='ocr_line' id='line_1_29' title="bbox 213 4010 1366 4078; baseline -0.002 -12"><span class='ocrx_word' id='word_1_196' title='bbox 213 4015 291 4078; x_wconf 81' lang='lat' dir='ltr'>possit</span> <span class='ocrx_word' id='word_1_197' title='bbox 304 4015 433 4066; x_wconf 85' lang='lat' dir='ltr'>accedere.</span> <span class='ocrx_word' id='word_1_198' title='bbox 446 4013 512 4073; x_wconf 87' lang='lat' dir='ltr'>Quid</span> <span class='ocrx_word' id='word_1_199' title='bbox 524 4014 672 4076; x_wconf 74' lang='lat' dir='ltr'>adiiciamus</span> <span class='ocrx_word' id='word_1_200' title='bbox 681 4018 726 4065; x_wconf 88' lang='lat' dir='ltr'>aut</span> <span class='ocrx_word' id='word_1_201' title='bbox 737 4011 873 4066; x_wconf 77' lang='lat' dir='ltr'>Lectiones</span> <span class='ocrx_word' id='word_1_202' title='bbox 887 4010 1036 4067; x_wconf 77' lang='lat' dir='ltr'>Venusinus</span> <span class='ocrx_word' id='word_1_203' title='bbox 1053 4013 1141 4077; x_wconf 73' lang='lat'>(1852,</span> <span class='ocrx_word' id='word_1_204' title='bbox 1155 4011 1235 4075; x_wconf 76' lang='lat' dir='ltr'>teas,</span> <span class='ocrx_word' id='word_1_205' title='bbox 1246 4013 1366 4064; x_wconf 86' lang='lat' dir='ltr'>aedenuo</span> 
     </span>
     <span class='ocr_line' id='line_1_30' title="bbox 157 4098 1365 4172; baseline 0.001 -19"><span class='ocrx_word' id='word_1_206' title='bbox 157 4136 161 4143; x_wconf 84' lang='lat'><em>·</em></span> <span class='ocrx_word' id='word_1_207' title='bbox 214 4101 304 4170; x_wconf 77' lang='grc'><strong>1818),</strong></span> <span class='ocrx_word' id='word_1_208' title='bbox 319 4104 402 4155; x_wconf 84' lang='lat' dir='ltr'>auide</span> <span class='ocrx_word' id='word_1_209' title='bbox 409 4099 589 4171; x_wconf 77' lang='lat' dir='ltr'>Imperatoris</span> <span class='ocrx_word' id='word_1_210' title='bbox 599 4099 716 4156; x_wconf 76' lang='lat' dir='ltr'>Ooesoris</span> <span class='ocrx_word' id='word_1_211' title='bbox 723 4100 843 4170; x_wconf 62' lang='lat' dir='ltr'>Augusti</span> <span class='ocrx_word' id='word_1_212' title='bbox 859 4100 972 4172; x_wconf 80' lang='lat' dir='ltr'>scriptis</span> <span class='ocrx_word' id='word_1_213' title='bbox 984 4114 1133 4171; x_wconf 81' lang='lat' dir='ltr'>eorumque</span> <span class='ocrx_word' id='word_1_214' title='bbox 1149 4098 1273 4171; x_wconf 79' lang='lat' dir='ltr'>reliquiis</span> <span class='ocrx_word' id='word_1_215' title='bbox 1284 4104 1365 4154; x_wconf 80' lang='lat' dir='ltr'>com·</span> 
     </span>
     <span class='ocr_line' id='line_1_31' title="bbox 214 4188 1285 4257; baseline -0.001 -14"><span class='ocrx_word' id='word_1_216' title='bbox 214 4193 383 4246; x_wconf 83' lang='lat' dir='ltr'>mentatiouea</span> <span class='ocrx_word' id='word_1_217' title='bbox 398 4192 509 4256; x_wconf 69' lang='lat' dir='ltr'>(crime,</span> <span class='ocrx_word' id='word_1_218' title='bbox 527 4191 606 4255; x_wconf 76' lang='grc'><strong>1855,</strong></span> <span class='ocrx_word' id='word_1_219' title='bbox 623 4191 700 4253; x_wconf 70' lang='grc'><strong>1836,</strong></span> <span class='ocrx_word' id='word_1_220' title='bbox 717 4204 746 4243; x_wconf 86' lang='lat' dir='ltr'>ae</span> <span class='ocrx_word' id='word_1_221' title='bbox 763 4192 848 4244; x_wconf 87' lang='lat' dir='ltr'>denuo</span> <span class='ocrx_word' id='word_1_222' title='bbox 860 4188 957 4257; x_wconf 79' lang='grc'><strong>1811)1</strong></span> <span class='ocrx_word' id='word_1_223' title='bbox 968 4191 1063 4244; x_wconf 86' lang='lat' dir='ltr'>Omnia</span> <span class='ocrx_word' id='word_1_224' title='bbox 1077 4192 1132 4243; x_wconf 76' lang='lat' dir='ltr'>heo</span> <span class='ocrx_word' id='word_1_225' title='bbox 1145 4191 1285 4243; x_wconf 77' lang='lat' dir='ltr'>notissima.</span> 
     </span>
    </p>
   </div>
   <div class='ocr_carea' id='block_1_10' title="bbox 0 0 1586 5214">
    <p class='ocr_par' dir='ltr' id='par_1_12' title="bbox 0 0 1586 5214">
     <span class='ocr_line' id='line_1_32' title="bbox 0 0 1586 5214; baseline 0 0"><span class='ocrx_word' id='word_1_226' title='bbox 0 0 1586 5214; x_wconf 95' lang='lat' dir='ltr'> </span> 
     </span>
    </p>
   </div>
  </div>
 </body>
</html>
