<?xml version="1.0" encoding="UTF-8"?>
<!DOCTYPE html PUBLIC "-//W3C//DTD XHTML 1.0 Transitional//EN"
    "http://www.w3.org/TR/xhtml1/DTD/xhtml1-transitional.dtd">
<html xmlns="http://www.w3.org/1999/xhtml" xml:lang="en" lang="en">
 <head>
  <title>
</title>
<meta http-equiv="Content-Type" content="text/html;charset=utf-8" />
  <meta name='ocr-system' content='tesseract 3.04.00' />
  <meta name='ocr-capabilities' content='ocr_page ocr_carea ocr_par ocr_line ocrx_word'/>
</head>
<body>
  <div class='ocr_page' id='page_1' title='image "./decassioparmens00nicogoog_0060.png"; bbox 0 0 3164 5214; ppageno 0'>
   <div class='ocr_carea' id='block_1_1' title="bbox 704 350 881 415">
    <p class='ocr_par' dir='ltr' id='par_1_1' title="bbox 704 350 881 415">
     <span class='ocr_line' id='line_1_1' title="bbox 704 350 881 415; baseline -0.011 -15"><span class='ocrx_word' id='word_1_1' title='bbox 704 350 881 415; x_wconf 65' lang='lat'><strong>..55-</strong></span> 
     </span>
    </p>
   </div>
   <div class='ocr_carea' id='block_1_2' title="bbox 213 485 1376 4517">
    <p class='ocr_par' dir='ltr' id='par_1_2' title="bbox 213 485 1376 3681">
     <span class='ocr_line' id='line_1_2' title="bbox 213 485 1367 586; baseline 0.003 -25"><span class='ocrx_word' id='word_1_2' title='bbox 213 485 428 584; x_wconf 86' lang='lat' dir='ltr'><strong>conjecturis</strong></span> <span class='ocrx_word' id='word_1_3' title='bbox 451 511 598 586; x_wconf 91' lang='lat' dir='ltr'><strong>campus</strong></span> <span class='ocrx_word' id='word_1_4' title='bbox 622 487 799 563; x_wconf 83' lang='lat' dir='ltr'><strong>infinitus.</strong></span> <span class='ocrx_word' id='word_1_5' title='bbox 823 487 949 586; x_wconf 84' lang='lat' dir='ltr'>Neque</span> <span class='ocrx_word' id='word_1_6' title='bbox 976 488 1072 561; x_wconf 89' lang='lat' dir='ltr'><strong>euim</strong></span> <span class='ocrx_word' id='word_1_7' title='bbox 1098 502 1176 562; x_wconf 92' lang='lat' dir='ltr'><strong>tum</strong></span> <span class='ocrx_word' id='word_1_8' title='bbox 1198 489 1367 564; x_wconf 89' lang='lat' dir='ltr'><strong>satiatum</strong></span> 
     </span>
     <span class='ocr_line' id='line_1_3' title="bbox 213 602 1369 703; baseline 0.001 -27"><span class='ocrx_word' id='word_1_9' title='bbox 213 603 340 677; x_wconf 91' lang='lat' dir='ltr'><strong>odium</strong></span> <span class='ocrx_word' id='word_1_10' title='bbox 368 605 649 701; x_wconf 83' lang='lat' dir='ltr'><strong>conquiescebat.</strong></span> <span class='ocrx_word' id='word_1_11' title='bbox 665 602 697 676; x_wconf 85' lang='lat' dir='ltr'>A</span> <span class='ocrx_word' id='word_1_12' title='bbox 716 604 913 703; x_wconf 91' lang='lat' dir='ltr'><strong>primordio</strong></span> <span class='ocrx_word' id='word_1_13' title='bbox 931 605 970 677; x_wconf 93' lang='lat' dir='ltr'><strong>in</strong></span> <span class='ocrx_word' id='word_1_14' title='bbox 993 605 1228 679; x_wconf 89' lang='lat' dir='ltr'><strong>Octavianum</strong></span> <span class='ocrx_word' id='word_1_15' title='bbox 1252 606 1369 679; x_wconf 92' lang='lat' dir='ltr'><strong>inimi·</strong></span> 
     </span>
     <span class='ocr_line' id='line_1_4' title="bbox 213 716 1368 818; baseline 0.001 -26"><span class='ocrx_word' id='word_1_16' title='bbox 213 719 299 792; x_wconf 90' lang='lat' dir='ltr'><strong>citia</strong></span> <span class='ocrx_word' id='word_1_17' title='bbox 312 718 534 818; x_wconf 85' lang='lat' dir='ltr'><strong>deflagravit.</strong></span> <span class='ocrx_word' id='word_1_18' title='bbox 554 716 623 794; x_wconf 88' lang='lat' dir='ltr'><strong>Vix</strong></span> <span class='ocrx_word' id='word_1_19' title='bbox 639 718 703 791; x_wconf 91' lang='lat' dir='ltr'><strong>ubi</strong></span> <span class='ocrx_word' id='word_1_20' title='bbox 719 720 868 792; x_wconf 82' lang='lat' dir='ltr'><strong>Caesaris</strong></span> <span class='ocrx_word' id='word_1_21' title='bbox 881 743 1071 818; x_wconf 83' lang='lat' dir='ltr'><strong>percussor</strong></span> <span class='ocrx_word' id='word_1_22' title='bbox 1083 746 1127 795; x_wconf 85' lang='lat' dir='ltr'><strong>ex</strong></span> <span class='ocrx_word' id='word_1_23' title='bbox 1137 720 1280 794; x_wconf 91' lang='lat' dir='ltr'><strong>ossibus</strong></span> <span class='ocrx_word' id='word_1_24' title='bbox 1292 719 1368 793; x_wconf 92' lang='lat' dir='ltr'><strong>dic-</strong></span> 
     </span>
     <span class='ocr_line' id='line_1_5' title="bbox 215 832 1366 933; baseline 0.003 -26"><span class='ocrx_word' id='word_1_25' title='bbox 215 835 341 908; x_wconf 90' lang='lat' dir='ltr'><strong>tatoris</strong></span> <span class='ocrx_word' id='word_1_26' title='bbox 368 835 528 933; x_wconf 83' lang='lat' dir='ltr'>oppressi</span> <span class='ocrx_word' id='word_1_27' title='bbox 553 835 706 909; x_wconf 90' lang='lat' dir='ltr'><strong>alterum</strong></span> <span class='ocrx_word' id='word_1_28' title='bbox 725 832 802 930; x_wconf 89' lang='lat' dir='ltr'><strong>jam</strong></span> <span class='ocrx_word' id='word_1_29' title='bbox 826 835 957 909; x_wconf 82' lang='lat' dir='ltr'><strong>exoriri</strong></span> <span class='ocrx_word' id='word_1_30' title='bbox 986 836 1161 909; x_wconf 88' lang='lat' dir='ltr'><strong>Caesarem</strong></span> <span class='ocrx_word' id='word_1_31' title='bbox 1187 836 1366 922; x_wconf 77' lang='lat' dir='ltr'><strong>sensisset,</strong></span> 
     </span>
     <span class='ocr_line' id='line_1_6' title="bbox 215 948 1370 1048; baseline 0.003 -29"><span class='ocrx_word' id='word_1_32' title='bbox 215 948 307 1021; x_wconf 93' lang='lat' dir='ltr'><strong>iram</strong></span> <span class='ocrx_word' id='word_1_33' title='bbox 330 948 431 1021; x_wconf 91' lang='lat' dir='ltr'><strong>illam</strong></span> <span class='ocrx_word' id='word_1_34' title='bbox 444 948 563 1022; x_wconf 89' lang='lat' dir='ltr'><strong>induit</strong></span> <span class='ocrx_word' id='word_1_35' title='bbox 576 949 841 1047; x_wconf 77' lang='lat' dir='ltr'>implacabilem</span> <span class='ocrx_word' id='word_1_36' title='bbox 858 949 1184 1048; x_wconf 82' lang='lat' dir='ltr'><strong>inexpiabilemque</strong></span> <span class='ocrx_word' id='word_1_37' title='bbox 1196 949 1255 1022; x_wconf 90' lang='lat' dir='ltr'><strong>cui</strong></span> <span class='ocrx_word' id='word_1_38' title='bbox 1268 950 1370 1023; x_wconf 91' lang='lat' dir='ltr'><strong>nulla</strong></span> 
     </span>
     <span class='ocr_line' id='line_1_7' title="bbox 216 1065 1368 1166; baseline -0.002 -26"><span class='ocrx_word' id='word_1_39' title='bbox 216 1093 288 1158; x_wconf 88' lang='lat' dir='ltr'><strong>res,</strong></span> <span class='ocrx_word' id='word_1_40' title='bbox 312 1066 413 1138; x_wconf 89' lang='lat' dir='ltr'><strong>nulla</strong></span> <span class='ocrx_word' id='word_1_41' title='bbox 441 1066 553 1157; x_wconf 91' lang='lat' dir='ltr'><strong>ratio,</strong></span> <span class='ocrx_word' id='word_1_42' title='bbox 579 1066 681 1139; x_wconf 91' lang='lat' dir='ltr'><strong>nulla</strong></span> <span class='ocrx_word' id='word_1_43' title='bbox 706 1067 937 1166; x_wconf 91' lang='lat' dir='ltr'><strong>publicarum</strong></span> <span class='ocrx_word' id='word_1_44' title='bbox 960 1066 1079 1140; x_wconf 81' lang='lat' dir='ltr'><strong>clades</strong></span> <span class='ocrx_word' id='word_1_45' title='bbox 1105 1066 1213 1139; x_wconf 85' lang='lat' dir='ltr'><strong>linem</strong></span> <span class='ocrx_word' id='word_1_46' title='bbox 1234 1065 1368 1158; x_wconf 89' lang='lat' dir='ltr'><strong>attulit,</strong></span> 
     </span>
     <span class='ocr_line' id='line_1_8' title="bbox 216 1182 1371 1281; baseline -0.003 -24"><span class='ocrx_word' id='word_1_47' title='bbox 216 1185 307 1257; x_wconf 93' lang='lat' dir='ltr'><strong>dum</strong></span> <span class='ocrx_word' id='word_1_48' title='bbox 336 1182 538 1255; x_wconf 88' lang='lat' dir='ltr'><strong>miserrimo</strong></span> <span class='ocrx_word' id='word_1_49' title='bbox 564 1198 687 1281; x_wconf 86' lang='lat' dir='ltr'><strong>poetae,</strong></span> <span class='ocrx_word' id='word_1_50' title='bbox 720 1182 870 1256; x_wconf 76' lang='lat' dir='ltr'><strong>Athenis</strong></span> <span class='ocrx_word' id='word_1_51' title='bbox 894 1198 974 1281; x_wconf 93' lang='lat' dir='ltr'><strong>post</strong></span> <span class='ocrx_word' id='word_1_52' title='bbox 999 1183 1184 1259; x_wconf 87' lang='lat' dir='ltr'><strong>Octaviani</strong></span> <span class='ocrx_word' id='word_1_53' title='bbox 1205 1182 1371 1256; x_wconf 85' lang='lat' dir='ltr'><strong>victorias</strong></span> 
     </span>
     <span class='ocr_line' id='line_1_9' title="bbox 216 1293 1374 1396; baseline -0.001 -27"><span class='ocrx_word' id='word_1_54' title='bbox 216 1296 452 1385; x_wconf 84' lang='lat' dir='ltr'><strong>delitescenti,</strong></span> <span class='ocrx_word' id='word_1_55' title='bbox 465 1293 638 1396; x_wconf 83' lang='lat' dir='ltr'><strong>jugulum</strong></span> <span class='ocrx_word' id='word_1_56' title='bbox 659 1295 755 1368; x_wconf 86' lang='lat' dir='ltr'><strong>serro</strong></span> <span class='ocrx_word' id='word_1_57' title='bbox 773 1296 818 1392; x_wconf 88' lang='lat' dir='ltr'><strong>Q.</strong></span> <span class='ocrx_word' id='word_1_58' title='bbox 838 1295 957 1369; x_wconf 86' lang='lat' dir='ltr'><strong>Attius</strong></span> <span class='ocrx_word' id='word_1_59' title='bbox 981 1296 1114 1384; x_wconf 89' lang='lat' dir='ltr'><strong>Varus,</strong></span> <span class='ocrx_word' id='word_1_60' title='bbox 1129 1293 1278 1392; x_wconf 87' lang='lat' dir='ltr'><strong>jubente</strong></span> <span class='ocrx_word' id='word_1_61' title='bbox 1301 1295 1374 1368; x_wconf 91' lang='lat' dir='ltr'><strong>im·</strong></span> 
     </span>
     <span class='ocr_line' id='line_1_10' title="bbox 218 1410 1371 1512; baseline -0.002 -26"><span class='ocrx_word' id='word_1_62' title='bbox 218 1427 396 1512; x_wconf 89' lang='lat' dir='ltr'><strong>peratore,</strong></span> <span class='ocrx_word' id='word_1_63' title='bbox 413 1411 631 1510; x_wconf 84' lang='lat' dir='ltr'><strong>perruperit.</strong></span> <span class='ocrx_word' id='word_1_64' title='bbox 657 1410 738 1483; x_wconf 90' lang='lat' dir='ltr'><strong>Non</strong></span> <span class='ocrx_word' id='word_1_65' title='bbox 758 1434 899 1484; x_wconf 87' lang='lat' dir='ltr'><strong>necesse</strong></span> <span class='ocrx_word' id='word_1_66' title='bbox 921 1425 975 1485; x_wconf 91' lang='lat' dir='ltr'><strong>est</strong></span> <span class='ocrx_word' id='word_1_67' title='bbox 998 1411 1164 1484; x_wconf 88' lang='lat' dir='ltr'><strong>Cassium</strong></span> <span class='ocrx_word' id='word_1_68' title='bbox 1186 1424 1371 1510; x_wconf 87' lang='lat' dir='ltr'><strong>exspecte-</strong></span> 
     </span>
     <span class='ocr_line' id='line_1_11' title="bbox 220 1526 1372 1627; baseline -0.003 -26"><span class='ocrx_word' id='word_1_69' title='bbox 220 1553 301 1601; x_wconf 89' lang='lat' dir='ltr'><strong>mus</strong></span> <span class='ocrx_word' id='word_1_70' title='bbox 322 1527 411 1601; x_wconf 90' lang='lat' dir='ltr'><strong>dum</strong></span> <span class='ocrx_word' id='word_1_71' title='bbox 435 1527 480 1600; x_wconf 92' lang='lat' dir='ltr'><strong>ad</strong></span> <span class='ocrx_word' id='word_1_72' title='bbox 506 1526 702 1601; x_wconf 89' lang='lat' dir='ltr'><strong>Antonium</strong></span> <span class='ocrx_word' id='word_1_73' title='bbox 724 1527 878 1617; x_wconf 89' lang='lat' dir='ltr'><strong>venerit,</strong></span> <span class='ocrx_word' id='word_1_74' title='bbox 902 1528 933 1601; x_wconf 92' lang='lat' dir='ltr'><strong>si</strong></span> <span class='ocrx_word' id='word_1_75' title='bbox 954 1544 1256 1627; x_wconf 88' lang='lat' dir='ltr'><strong>peropportunam</strong></span> <span class='ocrx_word' id='word_1_76' title='bbox 1281 1527 1372 1599; x_wconf 92' lang='lat' dir='ltr'><strong>scri-</strong></span> 
     </span>
     <span class='ocr_line' id='line_1_12' title="bbox 219 1644 1371 1742; baseline -0.002 -26"><span class='ocrx_word' id='word_1_77' title='bbox 219 1644 327 1717; x_wconf 91' lang='lat' dir='ltr'><strong>bendi</strong></span> <span class='ocrx_word' id='word_1_78' title='bbox 348 1645 483 1718; x_wconf 80' lang='lat' dir='ltr'><strong>litteras</strong></span> <span class='ocrx_word' id='word_1_79' title='bbox 508 1647 727 1719; x_wconf 88' lang='lat' dir='ltr'><strong>occasionem</strong></span> <span class='ocrx_word' id='word_1_80' title='bbox 751 1668 991 1742; x_wconf 81' lang='lat' dir='ltr'><strong>aucupemur.</strong></span> <span class='ocrx_word' id='word_1_81' title='bbox 1013 1644 1088 1717; x_wconf 88' lang='lat' dir='ltr'><strong>Nec</strong></span> <span class='ocrx_word' id='word_1_82' title='bbox 1113 1644 1234 1733; x_wconf 89' lang='lat' dir='ltr'><strong>illam,</strong></span> <span class='ocrx_word' id='word_1_83' title='bbox 1261 1667 1371 1740; x_wconf 92' lang='lat' dir='ltr'><strong>quam</strong></span> 
     </span>
     <span class='ocr_line' id='line_1_13' title="bbox 221 1757 1375 1859; baseline -0.003 -27"><span class='ocrx_word' id='word_1_84' title='bbox 221 1760 296 1832; x_wconf 87' lang='lat' dir='ltr'><strong>sere</strong></span> <span class='ocrx_word' id='word_1_85' title='bbox 314 1757 453 1833; x_wconf 89' lang='lat' dir='ltr'><strong>sancire</strong></span> <span class='ocrx_word' id='word_1_86' title='bbox 466 1761 578 1833; x_wconf 90' lang='lat' dir='ltr'><strong>voluit</strong></span> <span class='ocrx_word' id='word_1_87' title='bbox 599 1760 694 1859; x_wconf 84' lang='lat' dir='ltr'><strong>Aug.</strong></span> <span class='ocrx_word' id='word_1_88' title='bbox 714 1759 915 1850; x_wconf 87' lang='lat' dir='ltr'><strong>Weicbert,</strong></span> <span class='ocrx_word' id='word_1_89' title='bbox 941 1759 1104 1830; x_wconf 90' lang='lat' dir='ltr'><strong>Cassium</strong></span> <span class='ocrx_word' id='word_1_90' title='bbox 1128 1758 1221 1830; x_wconf 88' lang='lat' dir='ltr'><strong>iuter</strong></span> <span class='ocrx_word' id='word_1_91' title='bbox 1244 1773 1279 1831; x_wconf 91' lang='lat' dir='ltr'><strong>et</strong></span> <span class='ocrx_word' id='word_1_92' title='bbox 1299 1757 1375 1830; x_wconf 80' lang='lat' dir='ltr'><strong>An-</strong></span> 
     </span>
     <span class='ocr_line' id='line_1_14' title="bbox 221 1872 1375 1972; baseline 0 -26"><span class='ocrx_word' id='word_1_93' title='bbox 221 1875 360 1946; x_wconf 89' lang='lat' dir='ltr'><strong>tonium</strong></span> <span class='ocrx_word' id='word_1_94' title='bbox 378 1875 666 1948; x_wconf 88' lang='lat' dir='ltr'><strong>communionem</strong></span> <span class='ocrx_word' id='word_1_95' title='bbox 683 1877 957 1971; x_wconf 89' lang='lat' dir='ltr'><strong>societatemque</strong></span> <span class='ocrx_word' id='word_1_96' title='bbox 967 1873 1006 1945; x_wconf 94' lang='lat' dir='ltr'><strong>in</strong></span> <span class='ocrx_word' id='word_1_97' title='bbox 1018 1872 1248 1959; x_wconf 87' lang='lat' dir='ltr'><strong>Alexandria,</strong></span> <span class='ocrx_word' id='word_1_98' title='bbox 1266 1897 1375 1972; x_wconf 90' lang='lat' dir='ltr'><strong>oppe-</strong></span> 
     </span>
     <span class='ocr_line' id='line_1_15' title="bbox 220 1986 1376 2089; baseline -0.002 -27"><span class='ocrx_word' id='word_1_99' title='bbox 220 1990 553 2063; x_wconf 87' lang='lat' dir='ltr'><strong>riamur.lllauebut</strong></span> <span class='ocrx_word' id='word_1_100' title='bbox 572 1988 713 2086; x_wconf 82' lang='lat' dir='ltr'><strong>jamdiu</strong></span> <span class='ocrx_word' id='word_1_101' title='bbox 734 1990 877 2089; x_wconf 92' lang='lat' dir='ltr'><strong>penitus</strong></span> <span class='ocrx_word' id='word_1_102' title='bbox 896 1987 1005 2061; x_wconf 80' lang='lat' dir='ltr'><strong>infixa</strong></span> <span class='ocrx_word' id='word_1_103' title='bbox 1024 2001 1141 2060; x_wconf 89' lang='lat' dir='ltr'><strong>mente</strong></span> <span class='ocrx_word' id='word_1_104' title='bbox 1160 1986 1197 2058; x_wconf 89' lang='lat' dir='ltr'><strong>in</strong></span> <span class='ocrx_word' id='word_1_105' title='bbox 1214 1987 1376 2061; x_wconf 83' lang='lat' dir='ltr'><strong>Octavia·</strong></span> 
     </span>
     <span class='ocr_line' id='line_1_16' title="bbox 220 2101 1374 2204; baseline -0.001 -26"><span class='ocrx_word' id='word_1_106' title='bbox 220 2131 311 2178; x_wconf 89' lang='lat' dir='ltr'><strong>num</strong></span> <span class='ocrx_word' id='word_1_107' title='bbox 333 2107 510 2199; x_wconf 86' lang='lat' dir='ltr'><strong>simultas,</strong></span> <span class='ocrx_word' id='word_1_108' title='bbox 531 2131 612 2204; x_wconf 79' lang='lat' dir='ltr'><strong>qum</strong></span> <span class='ocrx_word' id='word_1_109' title='bbox 632 2107 759 2179; x_wconf 88' lang='lat' dir='ltr'><strong>melius</strong></span> <span class='ocrx_word' id='word_1_110' title='bbox 784 2121 975 2204; x_wconf 89' lang='lat' dir='ltr'><strong>pmperato</strong></span> <span class='ocrx_word' id='word_1_111' title='bbox 998 2117 1034 2175; x_wconf 93' lang='lat' dir='ltr'><strong>et</strong></span> <span class='ocrx_word' id='word_1_112' title='bbox 1055 2101 1167 2176; x_wconf 89' lang='lat' dir='ltr'><strong>infido</strong></span> <span class='ocrx_word' id='word_1_113' title='bbox 1184 2101 1316 2176; x_wconf 85' lang='lat' dir='ltr'><strong>loedere</strong></span> <span class='ocrx_word' id='word_1_114' title='bbox 1332 2128 1374 2177; x_wconf 90' lang='lat' dir='ltr'><strong>ac</strong></span> 
     </span>
     <span class='ocr_line' id='line_1_17' title="bbox 220 2218 1375 2321; baseline -0.002 -27"><span class='ocrx_word' id='word_1_115' title='bbox 220 2222 348 2295; x_wconf 83' lang='lat' dir='ltr'><strong>saevius</strong></span> <span class='ocrx_word' id='word_1_116' title='bbox 367 2220 541 2321; x_wconf 84' lang='lat' dir='ltr'><strong>injurgia</strong></span> <span class='ocrx_word' id='word_1_117' title='bbox 559 2238 666 2321; x_wconf 91' lang='lat' dir='ltr'><strong>atquc</strong></span> <span class='ocrx_word' id='word_1_118' title='bbox 685 2222 876 2321; x_wconf 90' lang='lat' dir='ltr'><strong>opprobria</strong></span> <span class='ocrx_word' id='word_1_119' title='bbox 899 2220 1020 2292; x_wconf 91' lang='lat' dir='ltr'><strong>virum</strong></span> <span class='ocrx_word' id='word_1_120' title='bbox 1045 2218 1278 2292; x_wconf 86' lang='lat' dir='ltr'><strong>suscitabant.</strong></span> <span class='ocrx_word' id='word_1_121' title='bbox 1300 2219 1375 2292; x_wconf 89' lang='lat' dir='ltr'><strong>Nec</strong></span> 
     </span>
     <span class='ocr_line' id='line_1_18' title="bbox 221 2333 1375 2436; baseline -0.003 -26"><span class='ocrx_word' id='word_1_122' title='bbox 221 2339 356 2436; x_wconf 91' lang='lat' dir='ltr'><strong>ipsum,</strong></span> <span class='ocrx_word' id='word_1_123' title='bbox 378 2363 445 2412; x_wconf 93' lang='lat' dir='ltr'><strong>nec</strong></span> <span class='ocrx_word' id='word_1_124' title='bbox 465 2339 582 2412; x_wconf 93' lang='lat' dir='ltr'><strong>ullum</strong></span> <span class='ocrx_word' id='word_1_125' title='bbox 605 2339 717 2411; x_wconf 91' lang='lat' dir='ltr'><strong>alium</strong></span> <span class='ocrx_word' id='word_1_126' title='bbox 741 2338 872 2410; x_wconf 88' lang='lat' dir='ltr'><strong>latebat</strong></span> <span class='ocrx_word' id='word_1_127' title='bbox 897 2351 970 2409; x_wconf 89' lang='lat' dir='ltr'><strong>toto</strong></span> <span class='ocrx_word' id='word_1_128' title='bbox 986 2333 1072 2407; x_wconf 92' lang='lat' dir='ltr'><strong>orbe</strong></span> <span class='ocrx_word' id='word_1_129' title='bbox 1089 2358 1249 2431; x_wconf 87' lang='lat' dir='ltr'><strong>quaerere</strong></span> <span class='ocrx_word' id='word_1_130' title='bbox 1264 2335 1375 2409; x_wconf 89' lang='lat' dir='ltr'><strong>Octa·</strong></span> 
     </span>
     <span class='ocr_line' id='line_1_19' title="bbox 219 2451 1372 2550; baseline -0.006 -20"><span class='ocrx_word' id='word_1_131' title='bbox 219 2456 367 2530; x_wconf 84' lang='lat' dir='ltr'><strong>rianum</strong></span> <span class='ocrx_word' id='word_1_132' title='bbox 395 2456 544 2530; x_wconf 81' lang='lat' dir='ltr'><strong>Caesaris</strong></span> <span class='ocrx_word' id='word_1_133' title='bbox 577 2455 764 2544; x_wconf 87' lang='lat' dir='ltr'><strong>occisores,</strong></span> <span class='ocrx_word' id='word_1_134' title='bbox 793 2478 910 2550; x_wconf 90' lang='lat' dir='ltr'><strong>neque</strong></span> <span class='ocrx_word' id='word_1_135' title='bbox 938 2451 1130 2523; x_wconf 92' lang='lat' dir='ltr'><strong>minimum</strong></span> <span class='ocrx_word' id='word_1_136' title='bbox 1160 2451 1229 2524; x_wconf 90' lang='lat' dir='ltr'><strong>sibi</strong></span> <span class='ocrx_word' id='word_1_137' title='bbox 1258 2451 1372 2524; x_wconf 93' lang='lat' dir='ltr'><strong>otium</strong></span> 
     </span>
     <span class='ocr_line' id='line_1_20' title="bbox 220 2566 1373 2667; baseline -0.005 -23"><span class='ocrx_word' id='word_1_138' title='bbox 220 2570 423 2645; x_wconf 90' lang='lat' dir='ltr'><strong>condonare</strong></span> <span class='ocrx_word' id='word_1_139' title='bbox 440 2572 552 2646; x_wconf 91' lang='lat' dir='ltr'><strong>donec</strong></span> <span class='ocrx_word' id='word_1_140' title='bbox 574 2572 759 2645; x_wconf 89' lang='lat' dir='ltr'><strong>universos</strong></span> <span class='ocrx_word' id='word_1_141' title='bbox 780 2594 839 2642; x_wconf 89' lang='lat' dir='ltr'><strong>eos</strong></span> <span class='ocrx_word' id='word_1_142' title='bbox 860 2567 925 2667; x_wconf 92' lang='lat' dir='ltr'><strong>qui</strong></span> <span class='ocrx_word' id='word_1_143' title='bbox 948 2581 1011 2640; x_wconf 90' lang='lat' dir='ltr'><strong>aut</strong></span> <span class='ocrx_word' id='word_1_144' title='bbox 1034 2566 1173 2640; x_wconf 90' lang='lat' dir='ltr'><strong>consilii</strong></span> <span class='ocrx_word' id='word_1_145' title='bbox 1198 2579 1260 2640; x_wconf 93' lang='lat' dir='ltr'><strong>aut</strong></span> <span class='ocrx_word' id='word_1_146' title='bbox 1289 2567 1373 2639; x_wconf 85' lang='lat' dir='ltr'><strong>sacti</strong></span> 
     </span>
     <span class='ocr_line' id='line_1_21' title="bbox 220 2683 1371 2786; baseline -0.008 -25"><span class='ocrx_word' id='word_1_147' title='bbox 220 2687 435 2761; x_wconf 86' lang='lat' dir='ltr'><strong>couscientia</strong></span> <span class='ocrx_word' id='word_1_148' title='bbox 454 2689 710 2786; x_wconf 79' lang='lat' dir='ltr'><strong>alligabantur,</strong></span> <span class='ocrx_word' id='word_1_149' title='bbox 733 2686 897 2759; x_wconf 76' lang='lat' dir='ltr'><strong>funditus</strong></span> <span class='ocrx_word' id='word_1_150' title='bbox 917 2699 1088 2757; x_wconf 86' lang='lat' dir='ltr'><strong>everteret</strong></span> <span class='ocrx_word' id='word_1_151' title='bbox 1105 2698 1213 2779; x_wconf 91' lang='lat' dir='ltr'><strong>atque</strong></span> <span class='ocrx_word' id='word_1_152' title='bbox 1233 2683 1371 2754; x_wconf 86' lang='lat' dir='ltr'><strong>exstin-</strong></span> 
     </span>
     <span class='ocr_line' id='line_1_22' title="bbox 219 2800 1375 2901; baseline -0.005 -27"><span class='ocrx_word' id='word_1_153' title='bbox 219 2819 357 2901; x_wconf 86' lang='lat' dir='ltr'><strong>gueret.</strong></span> <span class='ocrx_word' id='word_1_154' title='bbox 379 2803 518 2900; x_wconf 84' lang='lat' dir='ltr'><strong>Quippe</strong></span> <span class='ocrx_word' id='word_1_155' title='bbox 537 2804 662 2874; x_wconf 90' lang='lat' dir='ltr'><strong>talium</strong></span> <span class='ocrx_word' id='word_1_156' title='bbox 682 2801 882 2873; x_wconf 73' lang='lat' dir='ltr'><strong>sucinorum</strong></span> <span class='ocrx_word' id='word_1_157' title='bbox 908 2800 1006 2871; x_wconf 84' lang='lat' dir='ltr'><strong>ultor</strong></span> <span class='ocrx_word' id='word_1_158' title='bbox 1029 2813 1097 2887; x_wconf 84' lang='lat' dir='ltr'><strong>est,</strong></span> <span class='ocrx_word' id='word_1_159' title='bbox 1115 2801 1276 2896; x_wconf 82' lang='lat' dir='ltr'><strong>quisquis</strong></span> <span class='ocrx_word' id='word_1_160' title='bbox 1293 2820 1375 2868; x_wconf 85' lang='lat' dir='ltr'><strong>suc·</strong></span> 
     </span>
     <span class='ocr_line' id='line_1_23' title="bbox 221 2910 1373 3015; baseline -0.009 -25"><span class='ocrx_word' id='word_1_161' title='bbox 221 2923 327 2991; x_wconf 83' lang='lat' dir='ltr'><strong>cessit</strong></span> <span class='ocrx_word' id='word_1_162' title='bbox 345 2918 412 3015; x_wconf 79' lang='lat' dir='ltr'><strong>(l).</strong></span> <span class='ocrx_word' id='word_1_163' title='bbox 435 2919 610 2990; x_wconf 85' lang='lat' dir='ltr'><strong>Futurum</strong></span> <span class='ocrx_word' id='word_1_164' title='bbox 631 2918 741 3015; x_wconf 87' lang='lat' dir='ltr'><strong>igitur</strong></span> <span class='ocrx_word' id='word_1_165' title='bbox 761 2933 949 2989; x_wconf 87' lang='lat' dir='ltr'><strong>etcertum</strong></span> <span class='ocrx_word' id='word_1_166' title='bbox 976 2913 1253 2998; x_wconf 78' lang='lat' dir='ltr'><strong>interfectorem,</strong></span> <span class='ocrx_word' id='word_1_167' title='bbox 1274 2910 1373 2981; x_wconf 89' lang='lat' dir='ltr'><strong>omni</strong></span> 
     </span>
     <span class='ocr_line' id='line_1_24' title="bbox 222 3026 1374 3130; baseline -0.006 -24"><span class='ocrx_word' id='word_1_168' title='bbox 222 3034 327 3107; x_wconf 89' lang='lat' dir='ltr'><strong>modo</strong></span> <span class='ocrx_word' id='word_1_169' title='bbox 338 3059 380 3105; x_wconf 91' lang='lat' dir='ltr'><strong>ac</strong></span> <span class='ocrx_word' id='word_1_170' title='bbox 391 3034 539 3120; x_wconf 87' lang='lat' dir='ltr'><strong>ratione,</strong></span> <span class='ocrx_word' id='word_1_171' title='bbox 551 3051 585 3106; x_wconf 88' lang='lat' dir='ltr'><strong>et</strong></span> <span class='ocrx_word' id='word_1_172' title='bbox 599 3032 805 3107; x_wconf 82' lang='lat' dir='ltr'><strong>bellandoet</strong></span> <span class='ocrx_word' id='word_1_173' title='bbox 820 3030 1067 3130; x_wconf 84' lang='lat' dir='ltr'><strong>scriptitando,</strong></span> <span class='ocrx_word' id='word_1_174' title='bbox 1078 3030 1107 3102; x_wconf 94' lang='lat' dir='ltr'><strong>si</strong></span> <span class='ocrx_word' id='word_1_175' title='bbox 1120 3026 1325 3114; x_wconf 89' lang='lat' dir='ltr'><strong>nouarmis,</strong></span> <span class='ocrx_word' id='word_1_176' title='bbox 1337 3041 1374 3099; x_wconf 91' lang='lat' dir='ltr'><strong>at</strong></span> 
     </span>
     <span class='ocr_line' id='line_1_25' title="bbox 222 3146 1372 3247; baseline -0.005 -28"><span class='ocrx_word' id='word_1_177' title='bbox 222 3149 340 3222; x_wconf 89' lang='lat' dir='ltr'><strong>verbis</strong></span> <span class='ocrx_word' id='word_1_178' title='bbox 360 3149 540 3247; x_wconf 89' lang='lat' dir='ltr'><strong>pungebat</strong></span> <span class='ocrx_word' id='word_1_179' title='bbox 558 3174 672 3245; x_wconf 86' lang='lat' dir='ltr'><strong>usquc</strong></span> <span class='ocrx_word' id='word_1_180' title='bbox 688 3175 729 3222; x_wconf 92' lang='lat' dir='ltr'><strong>ac</strong></span> <span class='ocrx_word' id='word_1_181' title='bbox 748 3150 926 3222; x_wconf 85' lang='lat' dir='ltr'><strong>lacerabat</strong></span> <span class='ocrx_word' id='word_1_182' title='bbox 941 3147 1175 3220; x_wconf 90' lang='lat' dir='ltr'><strong>Octavianum</strong></span> <span class='ocrx_word' id='word_1_183' title='bbox 1197 3146 1372 3216; x_wconf 72' lang='lat' dir='ltr'><strong>Censorem</strong></span> 
     </span>
     <span class='ocr_line' id='line_1_26' title="bbox 222 3257 1374 3336; baseline -0.008 0"><span class='ocrx_word' id='word_1_184' title='bbox 222 3265 367 3336; x_wconf 88' lang='lat' dir='ltr'><strong>Cassius</strong></span> <span class='ocrx_word' id='word_1_185' title='bbox 394 3263 606 3336; x_wconf 77' lang='lat' dir='ltr'><strong>Parmensis.</strong></span> <span class='ocrx_word' id='word_1_186' title='bbox 632 3263 710 3335; x_wconf 91' lang='lat' dir='ltr'><strong>Non</strong></span> <span class='ocrx_word' id='word_1_187' title='bbox 733 3264 843 3336; x_wconf 86' lang='lat' dir='ltr'><strong>otiosa</strong></span> <span class='ocrx_word' id='word_1_188' title='bbox 866 3262 1099 3335; x_wconf 87' lang='lat' dir='ltr'><strong>oblectatione</strong></span> <span class='ocrx_word' id='word_1_189' title='bbox 1124 3285 1165 3332; x_wconf 91' lang='lat' dir='ltr'><strong>ac</strong></span> <span class='ocrx_word' id='word_1_190' title='bbox 1198 3257 1374 3330; x_wconf 87' lang='lat' dir='ltr'><strong>desidioso</strong></span> 
     </span>
     <span class='ocr_line' id='line_1_27' title="bbox 221 3373 1373 3475; baseline -0.005 -24"><span class='ocrx_word' id='word_1_191' title='bbox 221 3379 363 3451; x_wconf 88' lang='lat' dir='ltr'><strong>silentio</strong></span> <span class='ocrx_word' id='word_1_192' title='bbox 389 3378 543 3475; x_wconf 90' lang='lat' dir='ltr'><strong>(medius</strong></span> <span class='ocrx_word' id='word_1_193' title='bbox 571 3377 710 3475; x_wconf 81' lang='lat' dir='ltr'><strong>Fidius)</strong></span> <span class='ocrx_word' id='word_1_194' title='bbox 734 3378 830 3449; x_wconf 92' lang='lat' dir='ltr'><strong>domi</strong></span> <span class='ocrx_word' id='word_1_195' title='bbox 857 3377 1040 3465; x_wconf 86' lang='lat' dir='ltr'><strong>remansit,</strong></span> <span class='ocrx_word' id='word_1_196' title='bbox 1069 3376 1181 3447; x_wconf 90' lang='lat' dir='ltr'><strong>donec</strong></span> <span class='ocrx_word' id='word_1_197' title='bbox 1206 3373 1373 3445; x_wconf 87' lang='lat' dir='ltr'><strong>Marcum</strong></span> 
     </span>
     <span class='ocr_line' id='line_1_28' title="bbox 222 3488 1374 3590; baseline -0.005 -25"><span class='ocrx_word' id='word_1_198' title='bbox 222 3493 418 3565; x_wconf 82' lang='lat' dir='ltr'><strong>Antonium</strong></span> <span class='ocrx_word' id='word_1_199' title='bbox 451 3492 486 3563; x_wconf 91' lang='lat' dir='ltr'><strong>in</strong></span> <span class='ocrx_word' id='word_1_200' title='bbox 517 3492 641 3566; x_wconf 90' lang='lat' dir='ltr'><strong>edictis</strong></span> <span class='ocrx_word' id='word_1_201' title='bbox 662 3494 895 3566; x_wconf 84' lang='lat' dir='ltr'><strong>contumelias</strong></span> <span class='ocrx_word' id='word_1_202' title='bbox 925 3516 1116 3590; x_wconf 78' lang='lat' dir='ltr'><strong>congerere</strong></span> <span class='ocrx_word' id='word_1_203' title='bbox 1141 3513 1249 3562; x_wconf 89' lang='lat' dir='ltr'><strong>suum</strong></span> <span class='ocrx_word' id='word_1_204' title='bbox 1274 3488 1374 3586; x_wconf 87' lang='lat' dir='ltr'><strong>inge-</strong></span> 
     </span>
     <span class='ocr_line' id='line_1_29' title="bbox 223 3607 608 3681; baseline 0 -2"><span class='ocrx_word' id='word_1_205' title='bbox 223 3609 325 3680; x_wconf 92' lang='lat' dir='ltr'><strong>nium</strong></span> <span class='ocrx_word' id='word_1_206' title='bbox 344 3607 608 3681; x_wconf 75' lang='lat' dir='ltr'><strong>dehortaretur.</strong></span> 
     </span>
    </p>

    <p class='ocr_par' dir='ltr' id='par_1_3' title="bbox 224 3718 1375 4517">
     <span class='ocr_line' id='line_1_30' title="bbox 273 3718 1372 3820; baseline -0.005 -25"><span class='ocrx_word' id='word_1_207' title='bbox 273 3725 309 3795; x_wconf 89' lang='lat' dir='ltr'><strong>Si</strong></span> <span class='ocrx_word' id='word_1_208' title='bbox 323 3723 488 3819; x_wconf 87' lang='lat' dir='ltr'><strong>verojam</strong></span> <span class='ocrx_word' id='word_1_209' title='bbox 505 3725 608 3796; x_wconf 90' lang='lat' dir='ltr'><strong>liceat</strong></span> <span class='ocrx_word' id='word_1_210' title='bbox 625 3724 726 3796; x_wconf 92' lang='lat' dir='ltr'><strong>uobis</strong></span> <span class='ocrx_word' id='word_1_211' title='bbox 744 3724 880 3820; x_wconf 90' lang='lat' dir='ltr'><strong>aliquid</strong></span> <span class='ocrx_word' id='word_1_212' title='bbox 898 3747 937 3795; x_wconf 91' lang='lat' dir='ltr'><strong>ea</strong></span> <span class='ocrx_word' id='word_1_213' title='bbox 958 3720 1002 3796; x_wconf 91' lang='lat' dir='ltr'><strong>de</strong></span> <span class='ocrx_word' id='word_1_214' title='bbox 1019 3746 1058 3794; x_wconf 91' lang='lat' dir='ltr'><strong>re</strong></span> <span class='ocrx_word' id='word_1_215' title='bbox 1076 3735 1238 3808; x_wconf 89' lang='lat' dir='ltr'><strong>tractare,</strong></span> <span class='ocrx_word' id='word_1_216' title='bbox 1254 3718 1372 3817; x_wconf 92' lang='lat' dir='ltr'><strong>potius</strong></span> 
     </span>
     <span class='ocr_line' id='line_1_31' title="bbox 224 3834 1372 3938; baseline -0.006 -26"><span class='ocrx_word' id='word_1_217' title='bbox 224 3840 379 3938; x_wconf 83' lang='lat' dir='ltr'><strong>epistolae</strong></span> <span class='ocrx_word' id='word_1_218' title='bbox 405 3840 581 3912; x_wconf 69' lang='lat' dir='ltr'><strong>Cassianae</strong></span> <span class='ocrx_word' id='word_1_219' title='bbox 607 3838 846 3938; x_wconf 79' lang='lat' dir='ltr'><strong>fragmentum</strong></span> <span class='ocrx_word' id='word_1_220' title='bbox 866 3839 912 3910; x_wconf 94' lang='lat' dir='ltr'><strong>ad</strong></span> <span class='ocrx_word' id='word_1_221' title='bbox 931 3837 1029 3909; x_wconf 88' lang='lat' dir='ltr'><strong>initia</strong></span> <span class='ocrx_word' id='word_1_222' title='bbox 1053 3837 1192 3908; x_wconf 91' lang='lat' dir='ltr'><strong>irarum</strong></span> <span class='ocrx_word' id='word_1_223' title='bbox 1210 3834 1247 3905; x_wconf 91' lang='lat' dir='ltr'><strong>in</strong></span> <span class='ocrx_word' id='word_1_224' title='bbox 1269 3834 1372 3906; x_wconf 90' lang='lat' dir='ltr'><strong>Octa·</strong></span> 
     </span>
     <span class='ocr_line' id='line_1_32' title="bbox 224 3950 1373 4052; baseline -0.003 -28"><span class='ocrx_word' id='word_1_225' title='bbox 224 3957 384 4046; x_wconf 92' lang='lat' dir='ltr'><strong>vianum,</strong></span> <span class='ocrx_word' id='word_1_226' title='bbox 403 3980 513 4052; x_wconf 85' lang='lat' dir='ltr'><strong>quum</strong></span> <span class='ocrx_word' id='word_1_227' title='bbox 536 3956 580 4027; x_wconf 94' lang='lat' dir='ltr'><strong>ad</strong></span> <span class='ocrx_word' id='word_1_228' title='bbox 602 3973 776 4028; x_wconf 87' lang='lat' dir='ltr'><strong>extremos</strong></span> <span class='ocrx_word' id='word_1_229' title='bbox 793 3956 874 4027; x_wconf 91' lang='lat' dir='ltr'><strong>illos</strong></span> <span class='ocrx_word' id='word_1_230' title='bbox 893 3978 1005 4027; x_wconf 89' lang='lat' dir='ltr'><strong>annos</strong></span> <span class='ocrx_word' id='word_1_231' title='bbox 1025 3950 1247 4026; x_wconf 82' lang='lat' dir='ltr'><strong>Alexandriae</strong></span> <span class='ocrx_word' id='word_1_232' title='bbox 1269 3964 1373 4023; x_wconf 90' lang='lat' dir='ltr'><strong>tran-</strong></span> 
     </span>
     <span class='ocr_line' id='line_1_33' title="bbox 224 4062 1374 4164; baseline -0.005 -21"><span class='ocrx_word' id='word_1_233' title='bbox 224 4086 351 4160; x_wconf 90' lang='lat' dir='ltr'><strong>sactos,</strong></span> <span class='ocrx_word' id='word_1_234' title='bbox 376 4072 603 4144; x_wconf 79' lang='lat' dir='ltr'><strong>referendum</strong></span> <span class='ocrx_word' id='word_1_235' title='bbox 624 4071 882 4144; x_wconf 89' lang='lat' dir='ltr'><strong>censuerimus.</strong></span> <span class='ocrx_word' id='word_1_236' title='bbox 905 4071 1070 4143; x_wconf 90' lang='lat' dir='ltr'><strong>Continet</strong></span> <span class='ocrx_word' id='word_1_237' title='bbox 1094 4062 1191 4141; x_wconf 90' lang='lat' dir='ltr'><strong>euim</strong></span> <span class='ocrx_word' id='word_1_238' title='bbox 1214 4065 1289 4139; x_wconf 84' lang='lat' dir='ltr'><strong>haec</strong></span> <span class='ocrx_word' id='word_1_239' title='bbox 1311 4089 1374 4164; x_wconf 95' lang='lat' dir='ltr'><strong>op·</strong></span> 
     </span>
     <span class='ocr_line' id='line_1_34' title="bbox 224 4181 1375 4286; baseline -0.007 -28"><span class='ocrx_word' id='word_1_240' title='bbox 224 4186 369 4286; x_wconf 87' lang='lat' dir='ltr'><strong>probriu</strong></span> <span class='ocrx_word' id='word_1_241' title='bbox 391 4213 470 4284; x_wconf 82' lang='lat' dir='ltr'><strong>quae</strong></span> <span class='ocrx_word' id='word_1_242' title='bbox 488 4187 698 4260; x_wconf 92' lang='lat' dir='ltr'><strong>mortalibus</strong></span> <span class='ocrx_word' id='word_1_243' title='bbox 717 4184 824 4281; x_wconf 85' lang='lat' dir='ltr'><strong>objici</strong></span> <span class='ocrx_word' id='word_1_244' title='bbox 844 4188 956 4259; x_wconf 89' lang='lat' dir='ltr'><strong>solent</strong></span> <span class='ocrx_word' id='word_1_245' title='bbox 972 4209 1087 4282; x_wconf 91' lang='lat' dir='ltr'><strong>quum</strong></span> <span class='ocrx_word' id='word_1_246' title='bbox 1105 4210 1124 4255; x_wconf 92' lang='lat' dir='ltr'><strong>e</strong></span> <span class='ocrx_word' id='word_1_247' title='bbox 1145 4181 1285 4278; x_wconf 80' lang='lat' dir='ltr'><strong>vulgari</strong></span> <span class='ocrx_word' id='word_1_248' title='bbox 1305 4181 1375 4277; x_wconf 90' lang='lat' dir='ltr'><strong>pri·</strong></span> 
     </span>
     <span class='ocr_line' id='line_1_35' title="bbox 225 4296 1373 4401; baseline -0.003 -30"><span class='ocrx_word' id='word_1_249' title='bbox 225 4321 375 4400; x_wconf 86' lang='lat' dir='ltr'><strong>vatoque</strong></span> <span class='ocrx_word' id='word_1_250' title='bbox 397 4303 523 4376; x_wconf 91' lang='lat' dir='ltr'><strong>ordine</strong></span> <span class='ocrx_word' id='word_1_251' title='bbox 540 4301 616 4399; x_wconf 88' lang='lat' dir='ltr'><strong>jam</strong></span> <span class='ocrx_word' id='word_1_252' title='bbox 641 4319 836 4401; x_wconf 87' lang='lat' dir='ltr'><strong>erumpunt</strong></span> <span class='ocrx_word' id='word_1_253' title='bbox 857 4303 1055 4398; x_wconf 88' lang='lat' dir='ltr'><strong>altioraque</strong></span> <span class='ocrx_word' id='word_1_254' title='bbox 1084 4312 1271 4398; x_wconf 88' lang='lat' dir='ltr'><strong>appetunt.</strong></span> <span class='ocrx_word' id='word_1_255' title='bbox 1295 4296 1373 4390; x_wconf 84' lang='lat' dir='ltr'><strong>Quo</strong></span> 
     </span>
     <span class='ocr_line' id='line_1_36' title="bbox 226 4409 1372 4517; baseline -0.009 -25"><span class='ocrx_word' id='word_1_256' title='bbox 226 4437 399 4515; x_wconf 89' lang='lat' dir='ltr'><strong>tempore,</strong></span> <span class='ocrx_word' id='word_1_257' title='bbox 414 4443 522 4516; x_wconf 93' lang='lat' dir='ltr'><strong>quam</strong></span> <span class='ocrx_word' id='word_1_258' title='bbox 537 4419 684 4517; x_wconf 86' lang='lat' dir='ltr'><strong>longum</strong></span> <span class='ocrx_word' id='word_1_259' title='bbox 701 4433 768 4510; x_wconf 87' lang='lat' dir='ltr'><strong>est,</strong></span> <span class='ocrx_word' id='word_1_260' title='bbox 783 4443 852 4490; x_wconf 91' lang='lat' dir='ltr'><strong>nou</strong></span> <span class='ocrx_word' id='word_1_261' title='bbox 868 4415 1111 4506; x_wconf 70' lang='lat' dir='ltr'><strong>adolescentie</strong></span> <span class='ocrx_word' id='word_1_262' title='bbox 1130 4438 1202 4487; x_wconf 85' lang='lat' dir='ltr'><strong>suoe</strong></span> <span class='ocrx_word' id='word_1_263' title='bbox 1219 4409 1372 4486; x_wconf 92' lang='lat' dir='ltr'><strong>tenebris</strong></span> 
     </span>
    </p>
   </div>
   <div class='ocr_carea' id='block_1_3' title="bbox 263 4676 603 4746">
    <p class='ocr_par' dir='ltr' id='par_1_4' title="bbox 263 4676 603 4746">
     <span class='ocr_line' id='line_1_37' title="bbox 263 4676 603 4746; baseline 0.006 -17"><span class='ocrx_word' id='word_1_264' title='bbox 263 4682 298 4746; x_wconf 83' lang='lat' dir='ltr'><strong>(l)</strong></span> <span class='ocrx_word' id='word_1_265' title='bbox 316 4681 397 4732; x_wconf 77' lang='lat' dir='ltr'><strong>Tacit.</strong></span> <span class='ocrx_word' id='word_1_266' title='bbox 408 4676 513 4732; x_wconf 84' lang='lat' dir='ltr'><strong>Hister.</strong></span> <span class='ocrx_word' id='word_1_267' title='bbox 526 4701 544 4738; x_wconf 85' lang='lat' dir='ltr'><strong>t,</strong></span> <span class='ocrx_word' id='word_1_268' title='bbox 559 4681 603 4732; x_wconf 75' lang='lat'><strong>40.</strong></span> 
     </span>
    </p>
   </div>
   <div class='ocr_carea' id='block_1_4' title="bbox 0 0 1597 5214">
    <p class='ocr_par' dir='ltr' id='par_1_5' title="bbox 0 0 1597 5214">
     <span class='ocr_line' id='line_1_38' title="bbox 0 0 1597 5214; baseline 0 0"><span class='ocrx_word' id='word_1_269' title='bbox 0 0 1597 5214; x_wconf 95' lang='lat' dir='ltr'><strong> </strong></span> 
     </span>
    </p>
   </div>
  </div>
 </body>
</html>
