<?xml version="1.0" encoding="UTF-8"?>
<!DOCTYPE html PUBLIC "-//W3C//DTD XHTML 1.0 Transitional//EN"
    "http://www.w3.org/TR/xhtml1/DTD/xhtml1-transitional.dtd">
<html xmlns="http://www.w3.org/1999/xhtml" xml:lang="en" lang="en">
 <head>
  <title>
</title>
<meta http-equiv="Content-Type" content="text/html;charset=utf-8" />
  <meta name='ocr-system' content='tesseract 3.04.00' />
  <meta name='ocr-capabilities' content='ocr_page ocr_carea ocr_par ocr_line ocrx_word'/>
</head>
<body>
  <div class='ocr_page' id='page_1' title='image "./decassioparmens00nicogoog_0037.png"; bbox 0 0 3164 5214; ppageno 0'>
   <div class='ocr_carea' id='block_1_1' title="bbox 705 343 881 408">
    <p class='ocr_par' dir='ltr' id='par_1_1' title="bbox 705 343 881 408">
     <span class='ocr_line' id='line_1_1' title="bbox 705 343 881 408; baseline 0 -16"><span class='ocrx_word' id='word_1_1' title='bbox 705 343 881 408; x_wconf 68' lang='lat'><strong>..5⁶2-</strong></span> 
     </span>
    </p>
   </div>
   <div class='ocr_carea' id='block_1_2' title="bbox 213 484 1374 2781">
    <p class='ocr_par' dir='ltr' id='par_1_2' title="bbox 213 484 1374 1944">
     <span class='ocr_line' id='line_1_2' title="bbox 215 484 1369 586; baseline 0.005 -28"><span class='ocrx_word' id='word_1_2' title='bbox 215 487 371 585; x_wconf 93' lang='lat' dir='ltr'><strong>pilorum</strong></span> <span class='ocrx_word' id='word_1_3' title='bbox 390 484 560 582; x_wconf 89' lang='lat' dir='ltr'><strong>adspectu</strong></span> <span class='ocrx_word' id='word_1_4' title='bbox 579 508 620 556; x_wconf 88' lang='lat' dir='ltr'><strong>ac</strong></span> <span class='ocrx_word' id='word_1_5' title='bbox 632 485 735 557; x_wconf 88' lang='lat' dir='ltr'><strong>vultu</strong></span> <span class='ocrx_word' id='word_1_6' title='bbox 754 503 830 558; x_wconf 91' lang='lat' dir='ltr'><strong>tum</strong></span> <span class='ocrx_word' id='word_1_7' title='bbox 843 486 948 559; x_wconf 91' lang='lat' dir='ltr'><strong>etiam</strong></span> <span class='ocrx_word' id='word_1_8' title='bbox 963 491 1232 586; x_wconf 83' lang='lat' dir='ltr'><strong>composuisset.</strong></span> <span class='ocrx_word' id='word_1_9' title='bbox 1249 491 1369 564; x_wconf 89' lang='lat' dir='ltr'><strong>Multa</strong></span> 
     </span>
     <span class='ocr_line' id='line_1_3' title="bbox 215 600 1371 704; baseline 0.004 -29"><span class='ocrx_word' id='word_1_10' title='bbox 215 603 440 702; x_wconf 84' lang='lat' dir='ltr'><strong>perfecerat,¹</strong></span> <span class='ocrx_word' id='word_1_11' title='bbox 456 626 554 698; x_wconf 68' lang='lat' dir='ltr'><strong>quse,</strong></span> <span class='ocrx_word' id='word_1_12' title='bbox 580 600 648 672; x_wconf 91' lang='lat' dir='ltr'><strong>nisi</strong></span> <span class='ocrx_word' id='word_1_13' title='bbox 673 601 833 689; x_wconf 80' lang='lat' dir='ltr'><strong>fecisset,</strong></span> <span class='ocrx_word' id='word_1_14' title='bbox 857 601 972 674; x_wconf 87' lang='lat' dir='ltr'><strong>facere</strong></span> <span class='ocrx_word' id='word_1_15' title='bbox 1001 603 1151 678; x_wconf 74' lang='lat' dir='ltr'><strong>forsitan</strong></span> <span class='ocrx_word' id='word_1_16' title='bbox 1176 631 1371 704; x_wconf 92' lang='lat' dir='ltr'><strong>nunquam</strong></span> 
     </span>
     <span class='ocr_line' id='line_1_4' title="bbox 214 716 1372 819; baseline 0.002 -28"><span class='ocrx_word' id='word_1_17' title='bbox 214 743 342 791; x_wconf 89' lang='lat' dir='ltr'><strong>ausum</strong></span> <span class='ocrx_word' id='word_1_18' title='bbox 371 716 480 788; x_wconf 88' lang='lat' dir='ltr'><strong>luisse</strong></span> <span class='ocrx_word' id='word_1_19' title='bbox 505 732 727 813; x_wconf 88' lang='lat' dir='ltr'><strong>putaremus.</strong></span> <span class='ocrx_word' id='word_1_20' title='bbox 754 717 841 809; x_wconf 87' lang='lat' dir='ltr'><strong>Quis</strong></span> <span class='ocrx_word' id='word_1_21' title='bbox 866 740 1027 812; x_wconf 89' lang='lat' dir='ltr'><strong>unquam</strong></span> <span class='ocrx_word' id='word_1_22' title='bbox 1050 722 1183 819; x_wconf 93' lang='lat' dir='ltr'><strong>populo</strong></span> <span class='ocrx_word' id='word_1_23' title='bbox 1210 723 1372 795; x_wconf 87' lang='lat' dir='ltr'><strong>senatui-</strong></span> 
     </span>
     <span class='ocr_line' id='line_1_5' title="bbox 213 828 1371 930; baseline 0.002 -25"><span class='ocrx_word' id='word_1_24' title='bbox 213 859 284 930; x_wconf 90' lang='lat' dir='ltr'><strong>que</strong></span> <span class='ocrx_word' id='word_1_25' title='bbox 316 855 463 904; x_wconf 92' lang='lat' dir='ltr'><strong>romano</strong></span> <span class='ocrx_word' id='word_1_26' title='bbox 490 831 667 928; x_wconf 85' lang='lat' dir='ltr'><strong>acceptior</strong></span> <span class='ocrx_word' id='word_1_27' title='bbox 693 828 763 902; x_wconf 90' lang='lat' dir='ltr'><strong>luit</strong></span> <span class='ocrx_word' id='word_1_28' title='bbox 787 846 850 901; x_wconf 88' lang='lat' dir='ltr'><strong>aut</strong></span> <span class='ocrx_word' id='word_1_29' title='bbox 872 832 1020 905; x_wconf 82' lang='lat' dir='ltr'><strong>amicior</strong></span> <span class='ocrx_word' id='word_1_30' title='bbox 1041 834 1084 927; x_wconf 87' lang='lat' dir='ltr'><strong>Q.</strong></span> <span class='ocrx_word' id='word_1_31' title='bbox 1106 834 1253 907; x_wconf 85' lang='lat' dir='ltr'><strong>Tullio?</strong></span> <span class='ocrx_word' id='word_1_32' title='bbox 1278 836 1371 930; x_wconf 88' lang='lat' dir='ltr'><strong>Quis</strong></span> 
     </span>
     <span class='ocr_line' id='line_1_6' title="bbox 214 946 1374 1052; baseline 0.005 -32"><span class='ocrx_word' id='word_1_33' title='bbox 214 948 425 1048; x_wconf 82' lang='lat' dir='ltr'><strong>gratiosior?</strong></span> <span class='ocrx_word' id='word_1_34' title='bbox 444 946 531 1041; x_wconf 88' lang='lat' dir='ltr'><strong>Quis</strong></span> <span class='ocrx_word' id='word_1_35' title='bbox 550 963 583 1018; x_wconf 89' lang='lat' dir='ltr'><strong>et</strong></span> <span class='ocrx_word' id='word_1_36' title='bbox 603 946 721 1043; x_wconf 88' lang='lat' dir='ltr'><strong>legum</strong></span> <span class='ocrx_word' id='word_1_37' title='bbox 738 946 960 1020; x_wconf 87' lang='lat' dir='ltr'><strong>observantia</strong></span> <span class='ocrx_word' id='word_1_38' title='bbox 976 966 1010 1023; x_wconf 91' lang='lat' dir='ltr'><strong>et</strong></span> <span class='ocrx_word' id='word_1_39' title='bbox 1028 968 1188 1024; x_wconf 89' lang='lat' dir='ltr'><strong>veterum</strong></span> <span class='ocrx_word' id='word_1_40' title='bbox 1206 954 1374 1052; x_wconf 87' lang='lat' dir='ltr'><strong>discipli·</strong></span> 
     </span>
     <span class='ocr_line' id='line_1_7' title="bbox 214 1062 1371 1156; baseline 0.005 -20"><span class='ocrx_word' id='word_1_41' title='bbox 214 1088 347 1136; x_wconf 88' lang='lat' dir='ltr'><strong>narum</strong></span> <span class='ocrx_word' id='word_1_42' title='bbox 372 1062 688 1156; x_wconf 83' lang='lat' dir='ltr'><strong>institutorumque</strong></span> <span class='ocrx_word' id='word_1_43' title='bbox 714 1086 834 1134; x_wconf 89' lang='lat' dir='ltr'><strong>amore</strong></span> <span class='ocrx_word' id='word_1_44' title='bbox 860 1065 1166 1140; x_wconf 72' lang='lat' dir='ltr'><strong>commendatior?</strong></span> <span class='ocrx_word' id='word_1_45' title='bbox 1192 1071 1292 1141; x_wconf 82' lang='lat' dir='ltr'><strong>Num</strong></span> <span class='ocrx_word' id='word_1_46' title='bbox 1318 1071 1371 1143; x_wconf 94' lang='lat' dir='ltr'><strong>ti-</strong></span> 
     </span>
     <span class='ocr_line' id='line_1_8' title="bbox 215 1175 1373 1277; baseline 0.006 -26"><span class='ocrx_word' id='word_1_47' title='bbox 215 1190 393 1251; x_wconf 89' lang='lat' dir='ltr'><strong>mereant</strong></span> <span class='ocrx_word' id='word_1_48' title='bbox 411 1175 587 1274; x_wconf 89' lang='lat' dir='ltr'><strong>suspicari</strong></span> <span class='ocrx_word' id='word_1_49' title='bbox 602 1176 719 1272; x_wconf 92' lang='lat' dir='ltr'><strong>potuit</strong></span> <span class='ocrx_word' id='word_1_50' title='bbox 738 1176 952 1250; x_wconf 86' lang='lat' dir='ltr'><strong>Octavianus</strong></span> <span class='ocrx_word' id='word_1_51' title='bbox 973 1181 1165 1277; x_wconf 91' lang='lat' dir='ltr'><strong>populares</strong></span> <span class='ocrx_word' id='word_1_52' title='bbox 1184 1201 1321 1275; x_wconf 90' lang='lat' dir='ltr'><strong>motus,</strong></span> <span class='ocrx_word' id='word_1_53' title='bbox 1338 1185 1373 1257; x_wconf 91' lang='lat' dir='ltr'><strong>si</strong></span> 
     </span>
     <span class='ocr_line' id='line_1_9' title="bbox 215 1291 1374 1389; baseline 0.003 -21"><span class='ocrx_word' id='word_1_54' title='bbox 215 1295 319 1368; x_wconf 89' lang='lat' dir='ltr'><strong>talem</strong></span> <span class='ocrx_word' id='word_1_55' title='bbox 339 1293 458 1364; x_wconf 90' lang='lat' dir='ltr'><strong>virum</strong></span> <span class='ocrx_word' id='word_1_56' title='bbox 478 1292 541 1388; x_wconf 92' lang='lat' dir='ltr'><strong>qui</strong></span> <span class='ocrx_word' id='word_1_57' title='bbox 561 1291 613 1363; x_wconf 88' lang='lat' dir='ltr'><strong>rei</strong></span> <span class='ocrx_word' id='word_1_58' title='bbox 632 1291 785 1389; x_wconf 84' lang='lat' dir='ltr'><strong>publicoe</strong></span> <span class='ocrx_word' id='word_1_59' title='bbox 799 1309 832 1365; x_wconf 89' lang='lat' dir='ltr'><strong>et</strong></span> <span class='ocrx_word' id='word_1_60' title='bbox 852 1293 1031 1389; x_wconf 89' lang='lat' dir='ltr'><strong>loquentia</strong></span> <span class='ocrx_word' id='word_1_61' title='bbox 1050 1296 1242 1370; x_wconf 87' lang='lat' dir='ltr'><strong>auxiliator</strong></span> <span class='ocrx_word' id='word_1_62' title='bbox 1257 1302 1374 1372; x_wconf 77' lang='lat' dir='ltr'><strong>maxi-</strong></span> 
     </span>
     <span class='ocr_line' id='line_1_10' title="bbox 215 1406 1374 1511; baseline 0.003 -29"><span class='ocrx_word' id='word_1_63' title='bbox 215 1435 295 1482; x_wconf 90' lang='lat' dir='ltr'><strong>mus</strong></span> <span class='ocrx_word' id='word_1_64' title='bbox 312 1409 443 1496; x_wconf 88' lang='lat' dir='ltr'><strong>luerat,</strong></span> <span class='ocrx_word' id='word_1_65' title='bbox 462 1424 498 1479; x_wconf 89' lang='lat' dir='ltr'><strong>et</strong></span> <span class='ocrx_word' id='word_1_66' title='bbox 512 1406 580 1479; x_wconf 82' lang='lat' dir='ltr'><strong>vita</strong></span> <span class='ocrx_word' id='word_1_67' title='bbox 601 1430 804 1504; x_wconf 85' lang='lat' dir='ltr'><strong>expressam</strong></span> <span class='ocrx_word' id='word_1_68' title='bbox 815 1408 1008 1505; x_wconf 91' lang='lat' dir='ltr'><strong>imaginem</strong></span> <span class='ocrx_word' id='word_1_69' title='bbox 1026 1410 1234 1510; x_wconf 86' lang='lat' dir='ltr'><strong>effingebat,</strong></span> <span class='ocrx_word' id='word_1_70' title='bbox 1257 1415 1374 1511; x_wconf 89' lang='lat' dir='ltr'><strong>pessi·</strong></span> 
     </span>
     <span class='ocr_line' id='line_1_11' title="bbox 215 1522 1373 1618; baseline 0.006 -22"><span class='ocrx_word' id='word_1_71' title='bbox 215 1549 357 1596; x_wconf 93' lang='lat' dir='ltr'><strong>morum</strong></span> <span class='ocrx_word' id='word_1_72' title='bbox 387 1522 597 1610; x_wconf 91' lang='lat' dir='ltr'><strong>bominum,</strong></span> <span class='ocrx_word' id='word_1_73' title='bbox 627 1522 841 1594; x_wconf 88' lang='lat' dir='ltr'><strong>sicariorum</strong></span> <span class='ocrx_word' id='word_1_74' title='bbox 870 1547 1041 1614; x_wconf 90' lang='lat' dir='ltr'><strong>suorum,</strong></span> <span class='ocrx_word' id='word_1_75' title='bbox 1068 1523 1275 1618; x_wconf 90' lang='lat' dir='ltr'><strong>luroribus,</strong></span> <span class='ocrx_word' id='word_1_76' title='bbox 1305 1546 1373 1604; x_wconf 89' lang='lat' dir='ltr'><strong>aut</strong></span> 
     </span>
     <span class='ocr_line' id='line_1_12' title="bbox 215 1636 1369 1739; baseline 0.006 -29"><span class='ocrx_word' id='word_1_77' title='bbox 215 1639 407 1739; x_wconf 81' lang='lat' dir='ltr'><strong>Antoniani</strong></span> <span class='ocrx_word' id='word_1_78' title='bbox 426 1636 584 1711; x_wconf 89' lang='lat' dir='ltr'><strong>satellitii</strong></span> <span class='ocrx_word' id='word_1_79' title='bbox 608 1637 826 1734; x_wconf 82' lang='lat' dir='ltr'><strong>pugionibus</strong></span> <span class='ocrx_word' id='word_1_80' title='bbox 840 1639 1081 1714; x_wconf 77' lang='lat' dir='ltr'><strong>concesserit?</strong></span> <span class='ocrx_word' id='word_1_81' title='bbox 1105 1643 1204 1716; x_wconf 87' lang='lat' dir='ltr'><strong>Fecit</strong></span> <span class='ocrx_word' id='word_1_82' title='bbox 1222 1658 1369 1735; x_wconf 87' lang='lat' dir='ltr'><strong>tarnen,</strong></span> 
     </span>
     <span class='ocr_line' id='line_1_13' title="bbox 215 1753 1374 1853; baseline 0.006 -26"><span class='ocrx_word' id='word_1_83' title='bbox 215 1774 249 1827; x_wconf 91' lang='lat' dir='ltr'><strong>et</strong></span> <span class='ocrx_word' id='word_1_84' title='bbox 267 1754 368 1853; x_wconf 86' lang='lat' dir='ltr'><strong>plebs</strong></span> <span class='ocrx_word' id='word_1_85' title='bbox 387 1753 544 1826; x_wconf 87' lang='lat' dir='ltr'><strong>tunicata</strong></span> <span class='ocrx_word' id='word_1_86' title='bbox 571 1766 759 1848; x_wconf 89' lang='lat' dir='ltr'><strong>patresque</strong></span> <span class='ocrx_word' id='word_1_87' title='bbox 790 1753 952 1825; x_wconf 87' lang='lat' dir='ltr'><strong>onmium</strong></span> <span class='ocrx_word' id='word_1_88' title='bbox 970 1755 1132 1852; x_wconf 92' lang='lat' dir='ltr'><strong>gentium</strong></span> <span class='ocrx_word' id='word_1_89' title='bbox 1156 1759 1374 1834; x_wconf 82' lang='lat' dir='ltr'><strong>mussitave-</strong></span> 
     </span>
     <span class='ocr_line' id='line_1_14' title="bbox 215 1867 1191 1944; baseline 0.002 -2"><span class='ocrx_word' id='word_1_90' title='bbox 215 1885 314 1943; x_wconf 92' lang='lat' dir='ltr'><strong>rnnt.</strong></span> <span class='ocrx_word' id='word_1_91' title='bbox 325 1870 522 1942; x_wconf 89' lang='lat' dir='ltr'><strong>Armorum</strong></span> <span class='ocrx_word' id='word_1_92' title='bbox 536 1867 693 1940; x_wconf 91' lang='lat' dir='ltr'><strong>sonitum</strong></span> <span class='ocrx_word' id='word_1_93' title='bbox 710 1867 865 1940; x_wconf 89' lang='lat' dir='ltr'><strong>universi</strong></span> <span class='ocrx_word' id='word_1_94' title='bbox 881 1868 1191 1944; x_wconf 86' lang='lat' dir='ltr'><strong>exhorrescebant.</strong></span> 
     </span>
    </p>

    <p class='ocr_par' dir='ltr' id='par_1_3' title="bbox 215 1983 1373 2781">
     <span class='ocr_line' id='line_1_15' title="bbox 264 1983 1372 2083; baseline 0.005 -23"><span class='ocrx_word' id='word_1_95' title='bbox 264 1985 366 2060; x_wconf 91' lang='lat' dir='ltr'><strong>Nihil</strong></span> <span class='ocrx_word' id='word_1_96' title='bbox 385 1984 497 2082; x_wconf 92' lang='lat' dir='ltr'><strong>igitur</strong></span> <span class='ocrx_word' id='word_1_97' title='bbox 514 1983 631 2054; x_wconf 86' lang='lat' dir='ltr'><strong>obstat</strong></span> <span class='ocrx_word' id='word_1_98' title='bbox 647 1983 736 2078; x_wconf 91' lang='lat' dir='ltr'><strong>quin</strong></span> <span class='ocrx_word' id='word_1_99' title='bbox 750 2002 784 2056; x_wconf 87' lang='lat' dir='ltr'><strong>et</strong></span> <span class='ocrx_word' id='word_1_100' title='bbox 803 1985 840 2055; x_wconf 94' lang='lat' dir='ltr'><strong>in</strong></span> <span class='ocrx_word' id='word_1_101' title='bbox 856 1985 983 2083; x_wconf 91' lang='lat' dir='ltr'><strong>primis</strong></span> <span class='ocrx_word' id='word_1_102' title='bbox 998 1986 1247 2061; x_wconf 84' lang='lat' dir='ltr'><strong>triumviratus</strong></span> <span class='ocrx_word' id='word_1_103' title='bbox 1263 1995 1372 2066; x_wconf 88' lang='lat' dir='ltr'><strong>annis</strong></span> 
     </span>
     <span class='ocr_line' id='line_1_16' title="bbox 215 2095 1369 2203; baseline 0.003 -28"><span class='ocrx_word' id='word_1_104' title='bbox 215 2126 353 2177; x_wconf 89' lang='lat' dir='ltr'><strong>coenam</strong></span> <span class='ocrx_word' id='word_1_105' title='bbox 378 2095 562 2170; x_wconf 70' lang='lat' dir='ltr'><strong>beientibus</strong></span> <span class='ocrx_word' id='word_1_106' title='bbox 583 2098 780 2171; x_wconf 88' lang='lat' dir='ltr'><strong>instituerit</strong></span> <span class='ocrx_word' id='word_1_107' title='bbox 797 2100 1028 2174; x_wconf 88' lang='lat' dir='ltr'><strong>Octavianus.</strong></span> <span class='ocrx_word' id='word_1_108' title='bbox 1049 2102 1086 2173; x_wconf 85' lang='lat' dir='ltr'><strong>Si</strong></span> <span class='ocrx_word' id='word_1_109' title='bbox 1106 2101 1222 2176; x_wconf 86' lang='lat' dir='ltr'><strong>lacere</strong></span> <span class='ocrx_word' id='word_1_110' title='bbox 1236 2107 1369 2203; x_wconf 86' lang='lat' dir='ltr'><strong>potuit,</strong></span> 
     </span>
     <span class='ocr_line' id='line_1_17' title="bbox 215 2213 1373 2317; baseline 0.002 -28"><span class='ocrx_word' id='word_1_111' title='bbox 215 2217 302 2315; x_wconf 92' lang='lat' dir='ltr'><strong>quid</strong></span> <span class='ocrx_word' id='word_1_112' title='bbox 317 2239 432 2288; x_wconf 84' lang='lat' dir='ltr'><strong>cansae</strong></span> <span class='ocrx_word' id='word_1_113' title='bbox 442 2229 570 2287; x_wconf 86' lang='lat' dir='ltr'><strong>estcur</strong></span> <span class='ocrx_word' id='word_1_114' title='bbox 584 2230 618 2286; x_wconf 90' lang='lat' dir='ltr'><strong>et</strong></span> <span class='ocrx_word' id='word_1_115' title='bbox 635 2213 782 2286; x_wconf 85' lang='lat' dir='ltr'><strong>Antonii</strong></span> <span class='ocrx_word' id='word_1_116' title='bbox 801 2216 990 2314; x_wconf 90' lang='lat' dir='ltr'><strong>epistolam</strong></span> <span class='ocrx_word' id='word_1_117' title='bbox 1006 2232 1041 2290; x_wconf 90' lang='lat' dir='ltr'><strong>et</strong></span> <span class='ocrx_word' id='word_1_118' title='bbox 1058 2241 1203 2290; x_wconf 87' lang='lat' dir='ltr'><strong>carmen</strong></span> <span class='ocrx_word' id='word_1_119' title='bbox 1217 2224 1373 2317; x_wconf 78' lang='grc' dir='ltr'>ἀνώνυμον</span> 
     </span>
     <span class='ocr_line' id='line_1_18' title="bbox 215 2329 1372 2430; baseline 0.004 -26"><span class='ocrx_word' id='word_1_120' title='bbox 215 2336 423 2430; x_wconf 89' lang='lat' dir='ltr'><strong>conjungas,</strong></span> <span class='ocrx_word' id='word_1_121' title='bbox 436 2353 631 2425; x_wconf 90' lang='lat' dir='ltr'><strong>versusque</strong></span> <span class='ocrx_word' id='word_1_122' title='bbox 640 2329 725 2401; x_wconf 91' lang='lat' dir='ltr'><strong>istos</strong></span> <span class='ocrx_word' id='word_1_123' title='bbox 740 2332 1047 2429; x_wconf 84' lang='lat' dir='ltr'><strong>epigrammaticos</strong></span> <span class='ocrx_word' id='word_1_124' title='bbox 1056 2332 1101 2406; x_wconf 88' lang='lat' dir='ltr'><strong>ad</strong></span> <span class='ocrx_word' id='word_1_125' title='bbox 1112 2335 1276 2408; x_wconf 89' lang='lat' dir='ltr'><strong>Cassium</strong></span> <span class='ocrx_word' id='word_1_126' title='bbox 1288 2361 1372 2409; x_wconf 89' lang='lat' dir='ltr'><strong>auc·</strong></span> 
     </span>
     <span class='ocr_line' id='line_1_19' title="bbox 215 2443 1370 2526; baseline 0.003 -5"><span class='ocrx_word' id='word_1_127' title='bbox 215 2465 329 2521; x_wconf 91' lang='lat' dir='ltr'><strong>torem</strong></span> <span class='ocrx_word' id='word_1_128' title='bbox 352 2446 491 2519; x_wconf 83' lang='lat' dir='ltr'><strong>deseras</strong></span> <span class='ocrx_word' id='word_1_129' title='bbox 510 2443 736 2517; x_wconf 80' lang='lat' dir='ltr'><strong>Alexandriae</strong></span> <span class='ocrx_word' id='word_1_130' title='bbox 763 2448 1069 2524; x_wconf 74' lang='lat' dir='ltr'><strong>commorantem?</strong></span> <span class='ocrx_word' id='word_1_131' title='bbox 1093 2451 1239 2524; x_wconf 85' lang='lat' dir='ltr'><strong>Jamdiu</strong></span> <span class='ocrx_word' id='word_1_132' title='bbox 1271 2453 1370 2526; x_wconf 90' lang='lat' dir='ltr'><strong>enim</strong></span> 
     </span>
     <span class='ocr_line' id='line_1_20' title="bbox 216 2562 1370 2664; baseline 0.004 -28"><span class='ocrx_word' id='word_1_133' title='bbox 216 2563 435 2661; x_wconf 86' lang='lat' dir='ltr'><strong>flagitiorum</strong></span> <span class='ocrx_word' id='word_1_134' title='bbox 454 2562 601 2633; x_wconf 91' lang='lat' dir='ltr'><strong>illorum</strong></span> <span class='ocrx_word' id='word_1_135' title='bbox 620 2563 791 2634; x_wconf 90' lang='lat' dir='ltr'><strong>memoria</strong></span> <span class='ocrx_word' id='word_1_136' title='bbox 810 2577 896 2636; x_wconf 91' lang='lat' dir='ltr'><strong>tunc</strong></span> <span class='ocrx_word' id='word_1_137' title='bbox 909 2580 987 2638; x_wconf 88' lang='lat' dir='ltr'><strong>erat</strong></span> <span class='ocrx_word' id='word_1_138' title='bbox 998 2565 1168 2658; x_wconf 88' lang='lat' dir='ltr'><strong>obsoleta,</strong></span> <span class='ocrx_word' id='word_1_139' title='bbox 1190 2581 1316 2664; x_wconf 84' lang='lat' dir='ltr'><strong>etquae</strong></span> <span class='ocrx_word' id='word_1_140' title='bbox 1330 2569 1370 2641; x_wconf 92' lang='lat' dir='ltr'><strong>in</strong></span> 
     </span>
     <span class='ocr_line' id='line_1_21' title="bbox 215 2676 1370 2781; baseline 0.004 -29"><span class='ocrx_word' id='word_1_141' title='bbox 215 2703 352 2752; x_wconf 90' lang='lat' dir='ltr'><strong>coenam</strong></span> <span class='ocrx_word' id='word_1_142' title='bbox 364 2677 435 2751; x_wconf 91' lang='lat' dir='ltr'><strong>dici</strong></span> <span class='ocrx_word' id='word_1_143' title='bbox 449 2693 612 2776; x_wconf 91' lang='lat' dir='ltr'><strong>poterant</strong></span> <span class='ocrx_word' id='word_1_144' title='bbox 623 2676 822 2768; x_wconf 86' lang='lat' dir='ltr'><strong>versiculis,</strong></span> <span class='ocrx_word' id='word_1_145' title='bbox 834 2678 961 2752; x_wconf 88' lang='lat' dir='ltr'><strong>antdie</strong></span> <span class='ocrx_word' id='word_1_146' title='bbox 979 2680 1041 2754; x_wconf 85' lang='lat' dir='ltr'><strong>illa</strong></span> <span class='ocrx_word' id='word_1_147' title='bbox 1052 2682 1128 2780; x_wconf 87' lang='lat' dir='ltr'><strong>ipsa</strong></span> <span class='ocrx_word' id='word_1_148' title='bbox 1147 2707 1219 2779; x_wconf 91' lang='lat' dir='ltr'><strong>qua</strong></span> <span class='ocrx_word' id='word_1_149' title='bbox 1234 2683 1370 2781; x_wconf 86' lang='lat' dir='ltr'><strong>agebu-</strong></span> 
     </span>
    </p>
   </div>
   <div class='ocr_carea' id='block_1_3' title="bbox 214 2799 1371 4282">
    <p class='ocr_par' dir='ltr' id='par_1_4' title="bbox 214 2799 1371 4282">
     <span class='ocr_line' id='line_1_22' title="bbox 215 2799 1371 2897; baseline 0.005 -24"><span class='ocrx_word' id='word_1_150' title='bbox 215 2799 1371 2897; x_wconf 86' lang='lat' dir='ltr'><strong>turantseqnenteinlabulisessedebuerunt.NecdilliteturSue·</strong></span> 
     </span>
     <span class='ocr_line' id='line_1_23' title="bbox 215 2915 1364 3015; baseline 0.003 -25"><span class='ocrx_word' id='word_1_151' title='bbox 215 2917 353 3006; x_wconf 82' lang='lat' dir='ltr'><strong>tonius3</strong></span> <span class='ocrx_word' id='word_1_152' title='bbox 369 2940 442 3013; x_wconf 92' lang='lat' dir='ltr'><strong>quo</strong></span> <span class='ocrx_word' id='word_1_153' title='bbox 461 2930 567 3004; x_wconf 90' lang='lat' dir='ltr'><strong>teste,</strong></span> <span class='ocrx_word' id='word_1_154' title='bbox 579 2915 686 2987; x_wconf 86' lang='lat' dir='ltr'><strong>verba</strong></span> <span class='ocrx_word' id='word_1_155' title='bbox 701 2916 776 2988; x_wconf 83' lang='lat' dir='ltr'><strong>baec</strong></span> <span class='ocrx_word' id='word_1_156' title='bbox 795 2916 901 3014; x_wconf 88' lang='lat' dir='ltr'><strong>vulgo</strong></span> <span class='ocrx_word' id='word_1_157' title='bbox 915 2917 1085 3015; x_wconf 88' lang='lat' dir='ltr'><strong>postridie</strong></span> <span class='ocrx_word' id='word_1_158' title='bbox 1103 2919 1364 2993; x_wconf 77' lang='lat' dir='ltr'><strong>audiebanturz</strong></span> 
     </span>
     <span class='ocr_line' id='line_1_24' title="bbox 217 3029 1369 3127; baseline 0.008 -29"><span class='ocrx_word' id='word_1_159' title='bbox 217 3032 356 3105; x_wconf 88' lang='lat' dir='ltr'><strong>«Omne</strong></span> <span class='ocrx_word' id='word_1_160' title='bbox 372 3029 685 3102; x_wconf 84' lang='lat' dir='ltr'><strong>frumentumdeos</strong></span> <span class='ocrx_word' id='word_1_161' title='bbox 698 3032 890 3104; x_wconf 91' lang='lat' dir='ltr'><strong>comedisse</strong></span> <span class='ocrx_word' id='word_1_162' title='bbox 902 3032 971 3127; x_wconf 76' lang='lat' dir='ltr'><strong>(l).</strong></span> <span class='ocrx_word' id='word_1_163' title='bbox 984 3032 1185 3105; x_wconf 77' lang='lat' dir='ltr'><strong>»Nonnulli</strong></span> <span class='ocrx_word' id='word_1_164' title='bbox 1197 3035 1369 3108; x_wconf 90' lang='lat' dir='ltr'><strong>inclami-</strong></span> 
     </span>
     <span class='ocr_line' id='line_1_25' title="bbox 216 3146 1365 3247; baseline -0.002 -26"><span class='ocrx_word' id='word_1_165' title='bbox 216 3148 356 3221; x_wconf 85' lang='lat' dir='ltr'><strong>tabant:</strong></span> <span class='ocrx_word' id='word_1_166' title='bbox 369 3147 567 3218; x_wconf 81' lang='lat' dir='ltr'><strong>nCaesarem</strong></span> <span class='ocrx_word' id='word_1_167' title='bbox 579 3146 992 3244; x_wconf 86' lang='lat' dir='ltr'><strong>esseplaneApollinem,</strong></span> <span class='ocrx_word' id='word_1_168' title='bbox 1005 3147 1067 3220; x_wconf 93' lang='lat' dir='ltr'><strong>sed</strong></span> <span class='ocrx_word' id='word_1_169' title='bbox 1075 3150 1262 3222; x_wconf 87' lang='lat' dir='ltr'><strong>Tortorem</strong></span> <span class='ocrx_word' id='word_1_170' title='bbox 1272 3151 1365 3247; x_wconf 82' lang='lat'><strong>(2).»</strong></span> 
     </span>
     <span class='ocr_line' id='line_1_26' title="bbox 214 3258 1367 3356; baseline 0.001 -20"><span class='ocrx_word' id='word_1_171' title='bbox 214 3260 380 3336; x_wconf 89' lang='lat' dir='ltr'><strong>Dicteriis</strong></span> <span class='ocrx_word' id='word_1_172' title='bbox 398 3258 557 3332; x_wconf 93' lang='lat' dir='ltr'><strong>dolorem</strong></span> <span class='ocrx_word' id='word_1_173' title='bbox 572 3258 762 3356; x_wconf 90' lang='lat' dir='ltr'><strong>publicum</strong></span> <span class='ocrx_word' id='word_1_174' title='bbox 775 3284 818 3332; x_wconf 89' lang='lat' dir='ltr'><strong>ac</strong></span> <span class='ocrx_word' id='word_1_175' title='bbox 835 3258 1073 3334; x_wconf 89' lang='lat' dir='ltr'><strong>domesticum</strong></span> <span class='ocrx_word' id='word_1_176' title='bbox 1087 3261 1286 3354; x_wconf 87' lang='lat' dir='ltr'><strong>leniebaut;</strong></span> <span class='ocrx_word' id='word_1_177' title='bbox 1302 3265 1367 3337; x_wconf 86' lang='lat' dir='ltr'><strong>sod</strong></span> 
     </span>
     <span class='ocr_line' id='line_1_27' title="bbox 216 3373 1367 3474; baseline 0.001 -23"><span class='ocrx_word' id='word_1_178' title='bbox 216 3376 386 3474; x_wconf 89' lang='lat' dir='ltr'><strong>patientia</strong></span> <span class='ocrx_word' id='word_1_179' title='bbox 410 3373 485 3470; x_wconf 86' lang='lat' dir='ltr'><strong>jam</strong></span> <span class='ocrx_word' id='word_1_180' title='bbox 513 3373 763 3464; x_wconf 89' lang='lat' dir='ltr'><strong>induruerant,</strong></span> <span class='ocrx_word' id='word_1_181' title='bbox 784 3400 850 3447; x_wconf 87' lang='lat' dir='ltr'><strong>nec</strong></span> <span class='ocrx_word' id='word_1_182' title='bbox 872 3373 1041 3474; x_wconf 88' lang='lat' dir='ltr'><strong>juguma</strong></span> <span class='ocrx_word' id='word_1_183' title='bbox 1067 3378 1265 3451; x_wconf 87' lang='lat' dir='ltr'><strong>cervicibus</strong></span> <span class='ocrx_word' id='word_1_184' title='bbox 1289 3380 1367 3453; x_wconf 86' lang='lat' dir='ltr'><strong>suis</strong></span> 
     </span>
     <span class='ocr_line' id='line_1_28' title="bbox 216 3489 1367 3568; baseline 0.002 -3"><span class='ocrx_word' id='word_1_185' title='bbox 216 3507 380 3565; x_wconf 79' lang='lat' dir='ltr'><strong>excutere</strong></span> <span class='ocrx_word' id='word_1_186' title='bbox 405 3489 639 3563; x_wconf 85' lang='lat' dir='ltr'><strong>conabantur.</strong></span> <span class='ocrx_word' id='word_1_187' title='bbox 672 3489 887 3564; x_wconf 89' lang='lat' dir='ltr'><strong>Animorum</strong></span> <span class='ocrx_word' id='word_1_188' title='bbox 914 3493 1118 3566; x_wconf 89' lang='lat' dir='ltr'><strong>moestitiam</strong></span> <span class='ocrx_word' id='word_1_189' title='bbox 1144 3494 1295 3567; x_wconf 90' lang='lat' dir='ltr'><strong>multam</strong></span> <span class='ocrx_word' id='word_1_190' title='bbox 1323 3519 1367 3568; x_wconf 89' lang='lat' dir='ltr'><strong>ac</strong></span> 
     </span>
     <span class='ocr_line' id='line_1_29' title="bbox 216 3606 1363 3709; baseline 0.004 -31"><span class='ocrx_word' id='word_1_191' title='bbox 216 3606 497 3705; x_wconf 79' lang='lat' dir='ltr'><strong>indignationem</strong></span> <span class='ocrx_word' id='word_1_192' title='bbox 522 3631 566 3679; x_wconf 83' lang='lat' dir='ltr'><strong>ex</strong></span> <span class='ocrx_word' id='word_1_193' title='bbox 589 3606 815 3678; x_wconf 90' lang='lat' dir='ltr'><strong>contumeliis</strong></span> <span class='ocrx_word' id='word_1_194' title='bbox 841 3606 878 3678; x_wconf 93' lang='lat' dir='ltr'><strong>in</strong></span> <span class='ocrx_word' id='word_1_195' title='bbox 905 3607 1139 3681; x_wconf 86' lang='lat' dir='ltr'><strong>Octavianum</strong></span> <span class='ocrx_word' id='word_1_196' title='bbox 1169 3610 1363 3709; x_wconf 80' lang='lat' dir='ltr'><strong>intelligas.</strong></span> 
     </span>
     <span class='ocr_line' id='line_1_30' title="bbox 216 3719 1366 3818; baseline 0.003 -24"><span class='ocrx_word' id='word_1_197' title='bbox 216 3720 303 3794; x_wconf 91' lang='lat' dir='ltr'><strong>lude</strong></span> <span class='ocrx_word' id='word_1_198' title='bbox 318 3722 423 3794; x_wconf 89' lang='lat' dir='ltr'><strong>etiam</strong></span> <span class='ocrx_word' id='word_1_199' title='bbox 437 3720 609 3793; x_wconf 84' lang='lat' dir='ltr'><strong>versiculi</strong></span> <span class='ocrx_word' id='word_1_200' title='bbox 628 3719 691 3817; x_wconf 91' lang='lat' dir='ltr'><strong>qui</strong></span> <span class='ocrx_word' id='word_1_201' title='bbox 711 3720 972 3818; x_wconf 90' lang='lat' dir='ltr'><strong>propemodum</strong></span> <span class='ocrx_word' id='word_1_202' title='bbox 981 3721 1122 3796; x_wconf 90' lang='lat' dir='ltr'><strong>eosdem</strong></span> <span class='ocrx_word' id='word_1_203' title='bbox 1136 3724 1284 3798; x_wconf 85' lang='lat' dir='ltr'><strong>affectus</strong></span> <span class='ocrx_word' id='word_1_204' title='bbox 1297 3725 1366 3798; x_wconf 88' lang='lat' dir='ltr'><strong>ira·</strong></span> 
     </span>
     <span class='ocr_line' id='line_1_31' title="bbox 216 3835 1365 3935; baseline 0.004 -26"><span class='ocrx_word' id='word_1_205' title='bbox 216 3835 457 3932; x_wconf 86' lang='lat' dir='ltr'><strong>cundiamqne</strong></span> <span class='ocrx_word' id='word_1_206' title='bbox 486 3835 650 3907; x_wconf 91' lang='lat' dir='ltr'><strong>omnium</strong></span> <span class='ocrx_word' id='word_1_207' title='bbox 676 3835 849 3908; x_wconf 89' lang='lat' dir='ltr'><strong>altissime</strong></span> <span class='ocrx_word' id='word_1_208' title='bbox 875 3861 1114 3935; x_wconf 89' lang='lat' dir='ltr'><strong>compressam</strong></span> <span class='ocrx_word' id='word_1_209' title='bbox 1140 3837 1299 3913; x_wconf 89' lang='lat' dir='ltr'><strong>doctiore</strong></span> <span class='ocrx_word' id='word_1_210' title='bbox 1321 3864 1365 3915; x_wconf 86' lang='lat' dir='ltr'><strong>ac</strong></span> 
     </span>
     <span class='ocr_line' id='line_1_32' title="bbox 217 3949 1366 4050; baseline 0.003 -25"><span class='ocrx_word' id='word_1_211' title='bbox 217 3951 381 4050; x_wconf 89' lang='lat' dir='ltr'><strong>politiore</strong></span> <span class='ocrx_word' id='word_1_212' title='bbox 391 3975 519 4049; x_wconf 87' lang='lat' dir='ltr'><strong>genere</strong></span> <span class='ocrx_word' id='word_1_213' title='bbox 538 3949 680 4023; x_wconf 88' lang='lat' dir='ltr'><strong>dicendi</strong></span> <span class='ocrx_word' id='word_1_214' title='bbox 688 3965 806 4024; x_wconf 88' lang='lat' dir='ltr'><strong>tamen</strong></span> <span class='ocrx_word' id='word_1_215' title='bbox 817 3952 1044 4049; x_wconf 89' lang='lat' dir='ltr'><strong>evulgabant.</strong></span> <span class='ocrx_word' id='word_1_216' title='bbox 1054 3953 1191 4027; x_wconf 87' lang='lat' dir='ltr'><strong>Natura</strong></span> <span class='ocrx_word' id='word_1_217' title='bbox 1205 3955 1299 4028; x_wconf 91' lang='lat' dir='ltr'><strong>enim</strong></span> <span class='ocrx_word' id='word_1_218' title='bbox 1313 3956 1366 4029; x_wconf 83' lang='lat' dir='ltr'><strong>ita</strong></span> 
     </span>
     <span class='ocr_line' id='line_1_33' title="bbox 216 4066 1367 4166; baseline 0.002 -25"><span class='ocrx_word' id='word_1_219' title='bbox 216 4082 464 4166; x_wconf 88' lang='lat' dir='ltr'><strong>comparatum</strong></span> <span class='ocrx_word' id='word_1_220' title='bbox 478 4079 581 4138; x_wconf 91' lang='lat' dir='ltr'><strong>estut</strong></span> <span class='ocrx_word' id='word_1_221' title='bbox 599 4091 679 4162; x_wconf 83' lang='lat' dir='ltr'><strong>quoe</strong></span> <span class='ocrx_word' id='word_1_222' title='bbox 696 4067 824 4139; x_wconf 89' lang='lat' dir='ltr'><strong>sentiat</strong></span> <span class='ocrx_word' id='word_1_223' title='bbox 838 4066 1028 4140; x_wconf 89' lang='lat' dir='ltr'><strong>hominum</strong></span> <span class='ocrx_word' id='word_1_224' title='bbox 1041 4070 1249 4164; x_wconf 87' lang='lat' dir='ltr'><strong>multitudo,</strong></span> <span class='ocrx_word' id='word_1_225' title='bbox 1270 4071 1367 4144; x_wconf 87' lang='lat' dir='ltr'><strong>voci·</strong></span> 
     </span>
     <span class='ocr_line' id='line_1_34' title="bbox 216 4179 1365 4282; baseline 0.001 -24"><span class='ocrx_word' id='word_1_226' title='bbox 216 4184 345 4258; x_wconf 86' lang='lat' dir='ltr'><strong>busan</strong></span> <span class='ocrx_word' id='word_1_227' title='bbox 368 4183 485 4256; x_wconf 83' lang='lat' dir='ltr'><strong>verbis</strong></span> <span class='ocrx_word' id='word_1_228' title='bbox 505 4180 721 4278; x_wconf 86' lang='lat' dir='ltr'><strong>quandoque</strong></span> <span class='ocrx_word' id='word_1_229' title='bbox 739 4179 861 4256; x_wconf 83' lang='lat' dir='ltr'><strong>lucetis</strong></span> <span class='ocrx_word' id='word_1_230' title='bbox 880 4199 1091 4282; x_wconf 86' lang='lat' dir='ltr'><strong>erumpant,</strong></span> <span class='ocrx_word' id='word_1_231' title='bbox 1111 4184 1173 4258; x_wconf 89' lang='lat' dir='ltr'><strong>sed</strong></span> <span class='ocrx_word' id='word_1_232' title='bbox 1193 4184 1365 4259; x_wconf 84' lang='lat' dir='ltr'><strong>brevissi-</strong></span> 
     </span>
    </p>
   </div>
   <div class='ocr_carea' id='block_1_4' title="bbox 219 4403 1365 4733">
    <p class='ocr_par' dir='ltr' id='par_1_5' title="bbox 254 4403 574 4477">
     <span class='ocr_line' id='line_1_35' title="bbox 254 4403 574 4477; baseline -0.013 -20"><span class='ocrx_word' id='word_1_233' title='bbox 254 4406 293 4477; x_wconf 81' lang='lat' dir='ltr'><strong>(l)</strong></span> <span class='ocrx_word' id='word_1_234' title='bbox 311 4409 417 4458; x_wconf 79' lang='lat' dir='ltr'><strong>sueton.</strong></span> <span class='ocrx_word' id='word_1_235' title='bbox 429 4403 501 4472; x_wconf 72' lang='lat' dir='ltr'><strong>Aug.</strong></span> <span class='ocrx_word' id='word_1_236' title='bbox 515 4423 574 4454; x_wconf 79' lang='lat' dir='ltr'><strong>ux.</strong></span> 
     </span>
    </p>

    <p class='ocr_par' dir='ltr' id='par_1_6' title="bbox 219 4489 1365 4733">
     <span class='ocr_line' id='line_1_36' title="bbox 254 4489 1365 4567; baseline 0.004 -23"><span class='ocrx_word' id='word_1_237' title='bbox 254 4494 293 4567; x_wconf 72' lang='lat'><strong>(2)</strong></span> <span class='ocrx_word' id='word_1_238' title='bbox 312 4497 350 4546; x_wconf 86' lang='lat' dir='ltr'><strong>ld.</strong></span> <span class='ocrx_word' id='word_1_239' title='bbox 361 4490 431 4546; x_wconf 81' lang='lat' dir='ltr'><strong>ibid.</strong></span> <span class='ocrx_word' id='word_1_240' title='bbox 445 4496 527 4556; x_wconf 86' lang='lat' dir='ltr'><strong>Super</strong></span> <span class='ocrx_word' id='word_1_241' title='bbox 540 4492 659 4554; x_wconf 79' lang='lat' dir='ltr'><strong>Apolline</strong></span> <span class='ocrx_word' id='word_1_242' title='bbox 678 4489 805 4556; x_wconf 72' lang='lat' dir='ltr'><strong>rariore,</strong></span> <span class='ocrx_word' id='word_1_243' title='bbox 819 4494 858 4544; x_wconf 89' lang='lat' dir='ltr'><strong>cl.</strong></span> <span class='ocrx_word' id='word_1_244' title='bbox 869 4495 999 4558; x_wconf 74' lang='lat' dir='ltr'><strong>Boettlger,</strong></span> <span class='ocrx_word' id='word_1_245' title='bbox 1020 4497 1047 4547; x_wconf 90' lang='lat' dir='ltr'><strong>in</strong></span> <span class='ocrx_word' id='word_1_246' title='bbox 1058 4497 1177 4547; x_wconf 86' lang='lat' dir='ltr'><strong>Wielnnd</strong></span> <span class='ocrx_word' id='word_1_247' title='bbox 1197 4499 1264 4547; x_wconf 85' lang='lat' dir='ltr'><strong>Mus.</strong></span> <span class='ocrx_word' id='word_1_248' title='bbox 1285 4495 1365 4548; x_wconf 73' lang='lat' dir='ltr'><strong>Atllc.</strong></span> 
     </span>
     <span class='ocr_line' id='line_1_37' title="bbox 219 4582 1364 4652; baseline -0.003 -15"><span class='ocrx_word' id='word_1_249' title='bbox 219 4587 269 4638; x_wconf 85' lang='lat' dir='ltr'><strong>vol.</strong></span> <span class='ocrx_word' id='word_1_250' title='bbox 281 4606 300 4647; x_wconf 88' lang='lat'><strong>1,</strong></span> <span class='ocrx_word' id='word_1_251' title='bbox 309 4598 334 4648; x_wconf 83' lang='lat' dir='ltr'><strong>p.</strong></span> <span class='ocrx_word' id='word_1_252' title='bbox 342 4583 561 4644; x_wconf 60' lang='lat' dir='ltr'><strong>sonindtgitnnu</strong></span> <span class='ocrx_word' id='word_1_253' title='bbox 574 4594 674 4631; x_wconf 89' lang='lat' dir='ltr'><strong>summo</strong></span> <span class='ocrx_word' id='word_1_254' title='bbox 686 4586 712 4632; x_wconf 83' lang='lat' dir='ltr'><strong>ot</strong></span> <span class='ocrx_word' id='word_1_255' title='bbox 723 4582 866 4635; x_wconf 82' lang='lat' dir='ltr'><strong>doctltalmo</strong></span> <span class='ocrx_word' id='word_1_256' title='bbox 876 4583 944 4648; x_wconf 80' lang='lat' dir='ltr'><strong>tiro,</strong></span> <span class='ocrx_word' id='word_1_257' title='bbox 954 4586 1020 4639; x_wconf 83' lang='lat' dir='ltr'><strong>C.B.</strong></span> <span class='ocrx_word' id='word_1_258' title='bbox 1028 4587 1110 4652; x_wconf 84' lang='lat' dir='ltr'><strong>Haso,</strong></span> <span class='ocrx_word' id='word_1_259' title='bbox 1121 4586 1148 4637; x_wconf 93' lang='lat' dir='ltr'><strong>in</strong></span> <span class='ocrx_word' id='word_1_260' title='bbox 1157 4585 1277 4638; x_wconf 82' lang='lat' dir='ltr'><strong>Bibliollt.</strong></span> <span class='ocrx_word' id='word_1_261' title='bbox 1289 4582 1364 4635; x_wconf 81' lang='lat' dir='ltr'><strong>latin.</strong></span> 
     </span>
     <span class='ocr_line' id='line_1_38' title="bbox 219 4668 782 4733; baseline -0.004 -10"><span class='ocrx_word' id='word_1_262' title='bbox 219 4673 323 4724; x_wconf 86' lang='lat' dir='ltr'><strong>collect.</strong></span> <span class='ocrx_word' id='word_1_263' title='bbox 337 4671 470 4732; x_wconf 79' lang='lat' dir='ltr'><strong>Lemaire,</strong></span> <span class='ocrx_word' id='word_1_264' title='bbox 486 4671 593 4722; x_wconf 83' lang='lat' dir='ltr'><strong>Sueton.</strong></span> <span class='ocrx_word' id='word_1_265' title='bbox 607 4674 626 4721; x_wconf 93' lang='lat' dir='ltr'><strong>t.</strong></span> <span class='ocrx_word' id='word_1_266' title='bbox 642 4689 664 4732; x_wconf 88' lang='lat'><strong>1,</strong></span> <span class='ocrx_word' id='word_1_267' title='bbox 678 4683 704 4733; x_wconf 88' lang='lat' dir='ltr'><strong>p.</strong></span> <span class='ocrx_word' id='word_1_268' title='bbox 718 4668 782 4721; x_wconf 74' lang='lat'><strong>28¹.</strong></span> 
     </span>
    </p>
   </div>
   <div class='ocr_carea' id='block_1_5' title="bbox 0 0 1588 5214">
    <p class='ocr_par' dir='ltr' id='par_1_7' title="bbox 0 0 1588 5214">
     <span class='ocr_line' id='line_1_39' title="bbox 0 0 1588 5214; baseline 0 0"><span class='ocrx_word' id='word_1_269' title='bbox 0 0 1588 5214; x_wconf 95' lang='lat' dir='ltr'><strong> </strong></span> 
     </span>
    </p>
   </div>
  </div>
 </body>
</html>
