3164 5214
813 328 990 392 ..20-

373 470 450 542 Sint
467 493 571 568 ergo,
589 470 619 541 si
634 469 807 562 volueris,
828 470 934 543 coaevi
954 483 1086 567 poetae,
1110 483 1145 543 et
1165 485 1310 569 propter
1328 474 1479 547 similli-

323 611 418 659 mam
440 609 564 658 rerum
584 585 829 658 tractationem
853 601 887 658 et
904 601 1049 682 propter
1067 587 1323 660 sententiarum
1345 590 1479 665 dictio-

320 702 448 798 nisque
468 725 591 801 parem
610 699 804 772 admodum
825 704 883 792 (ne
900 702 1064 799 graviora
1080 701 1255 800 dicamus)
1274 705 1471 782 incuriam.

319 816 359 889 ld
382 815 487 889 modo
506 816 600 889 inter
625 832 819 912 utrumque
842 816 984 889 intersit
1004 816 1101 913 quod
1120 817 1165 890 de
1184 819 1476 896 Pseudo-Tullio

316 931 477 1004 nondum
495 947 718 1029 compertum
737 931 889 1028 estquis
908 930 1018 1004 luerit
1032 933 1117 1028 qui,
1139 933 1216 1005 velo
1236 935 1305 1007 sibi
1324 961 1471 1036 precpo-

318 1047 384 1119 sito
403 1062 436 1120 et
454 1046 654 1136 involucro,
670 1045 708 1117 in
722 1046 874 1118 alienam
890 1045 1033 1118 laudem
1051 1071 1092 1118 ac
1108 1046 1239 1119 lamam
1259 1055 1473 1128 temerarius

320 1164 494 1260 irruperit
509 1161 562 1258 (l)
572 1192 582 1252 3
599 1163 643 1234 de
656 1161 940 1235 Pseudo-Cassio
954 1187 1012 1234 res
1029 1162 1197 1257 innotuit,
1214 1181 1247 1238 et
1259 1190 1376 1257 reum,
1398 1169 1470 1241 nisi

313 1277 485 1351 latentem
504 1291 540 1351 at
558 1277 762 1349 convictum
782 1294 912 1369 tamen,
933 1277 1152 1351 obtinemus.

359 1394 561 1466 Commenti
575 1393 762 1465 exordium
778 1391 882 1464 facile
900 1392 1197 1490 comprehendes,
1223 1396 1254 1469 si
1275 1396 1319 1469 ad
1339 1398 1472 1495 primae

308 1510 469 1581 omnium
492 1507 655 1580 editionis
680 1507 901 1580 incunabula
923 1509 1128 1582 revertaris.
1152 1511 1220 1583 Sed
1245 1538 1290 1584 ne
1311 1538 1386 1587 rem
1406 1539 1470 1587 ac-

311 1639 381 1696 tam
400 1648 505 1720 agere
526 1623 728 1713 videamur,
744 1621 788 1694 de
812 1646 894 1693 vero
916 1625 1085 1696 carminis
1108 1641 1252 1698 auctore
1275 1628 1312 1699 in
1331 1630 1466 1703 eximia

311 1752 346 1812 et
369 1737 572 1810 doctissima
593 1736 747 1834 Augusti
761 1737 948 1809 Weichert
973 1741 1268 1814 commentatione
1286 1743 1354 1840 (2),
1380 1761 1464 1842 post

309 1854 474 1926 nostratis
496 1854 533 1925 S.
556 1855 597 1924 L.
619 1853 773 1950 opellam
794 1852 883 1950 (3),
908 1854 1125 1951 pensitatum
1150 1873 1184 1928 et
1214 1858 1294 1930 luce
1323 1858 1463 1934 clarius

309 1983 472 2068 apertum
495 1966 571 2064 jam
592 1992 667 2040 esse
693 1992 914 2040 moneamus.
939 1969 1051 2042 Nobis
1070 1971 1137 2042 hoc
1160 1972 1276 2068 placet
1298 1975 1328 2046 si
1355 1977 1466 2050 modo

303 2084 432 2158 ‘Cassio
445 2083 628 2157 Parmensi
652 2100 747 2155 tanta
772 2084 1033 2158 versiculorum
1048 2086 1200 2187 irrogari
1224 2108 1377 2187 nequeat
1400 2091 1466 2164 de·

309 2201 491 2288 formitas3
511 2198 701 2298 quoderat
719 2196 1006 2294 dijudicandum.

347 2442 384 2510 (t)
403 2447 429 2496 Si
450 2461 502 2497 non
520 2452 658 2507 auctorem,
677 2451 704 2498 at
723 2451 822 2499 utatcm
836 2452 920 2497 tamen
935 2448 1054 2498 carminis
1073 2449 1193 2511 suspicari
1208 2463 1351 2511 possumus.
1374 2453 1464 2505 Prima

310 2534 503 2584 Pseudo-cassii
514 2536 590 2586 editio
599 2535 691 2597 prodiit
704 2537 799 2594 Romu,
813 2549 837 2586 a.
854 2533 940 2594 1565;
956 2537 1037 2598 prima
1053 2538 1241 2588 Pseudo-Tullii
1257 2541 1323 2602 apud
1334 2542 1462 2604 Venetos,

311 2633 336 2672 a.
353 2621 432 2673 1595.
446 2624 524 2686 Atqui
541 2625 671 2673 neminem
688 2623 751 2686 fugit
765 2637 841 2686 quam
856 2625 979 2675 serviliter
993 2626 1102 2688 priorem
1116 2629 1238 2689 posterior
1255 2629 1287 2679 sit
1306 2630 1417 2680 imitatus
1432 2646 1465 2684 ac

312 2723 387 2773 poene
401 2711 561 2774 expilarerit3
574 2713 704 2776 geminum
722 2713 798 2776 igitur
809 2708 1017 2782 Orpheumanni
1034 2714 1084 2765 tere
1100 2717 1201 2776 triginta
1212 2717 1334 2769 dividant.
1348 2720 1420 2768 lotcr
1434 2734 1461 2771 a.

315 2797 384 2848 1565
394 2805 419 2850 et
431 2800 499 2850 1595
510 2803 635 2865 egregiam
645 2814 716 2854 suam
730 2802 1069 2855 habueritPseutio·'1.¹ultius
1084 2805 1218 2867 originem.

348 2885 383 2953 (2)
401 2888 441 2938 ct.
455 2890 522 2951 Aug.
533 2890 673 2950 weichert,
688 2891 720 2941 de
732 2892 805 2941 cass.
820 2894 906 2943 Parni.
920 2897 988 2954 poet.
1004 2905 1030 2954 p.
1047 2892 1175 2942 295500.

347 2975 384 3040 (3)
404 2976 444 3026 (tt.
464 2978 576 3040 Megasin
592 2979 889 3040 encrctop.1n⁸annte,
904 2985 923 3030 t.
940 2999 977 3041 vr,
987 2995 1014 3043 p.
1028 2980 1154 3033 554-555.
