3164 5214
591 799 830 924 onnon
888 853 978 922 vn

640 1090 758 1145 casslns
768 1089 927 1132 Tntfflctts.

260 1633 441 1707 Nonnulla
467 1651 639 1735 superant
657 1625 817 1709 reterum
841 1650 1069 1709 monumenta
1087 1635 1221 1732 quibus
1243 1638 1369 1734 tragi-

212 1775 295 1823 cum
312 1751 596 1825 luisseCassinm
609 1755 837 1825 Parmensem
853 1751 1041 1824 manifesto
1063 1766 1222 1851 apparet.
1237 1753 1368 1826 Prima

212 1866 286 1938 acie
304 1867 442 1939 Horatii
463 1882 557 1941 stant
575 1869 666 1940 varii
690 1868 915 1966 interpretes.
936 1867 1043 1965 Apud
1062 1865 1239 1939 Acronem
1265 1868 1368 1967 legi-

211 1996 306 2052 tur:
345 2010 363 2048 «
394 1982 501 2055 Multi
529 1982 759 2056 crediderunt
793 1984 985 2077 Thyestem
1015 1983 1128 2054 Cassii
1157 1985 1368 2056 Parmensis

214 2097 337 2170 luisse.
357 2099 554 2196 Scripserat
566 2100 661 2171 enim
681 2099 812 2171 mnltas
830 2099 918 2170 alias
938 2097 1125 2196 tragoedias
1143 2098 1212 2196 (l).
1235 2128 1253 2168 u
1273 2099 1368 2192 Quae

212 2215 329 2287 verbis
347 2239 495 2313 prorsus
513 2216 638 2288 iisdem
654 2216 780 2312 repetit
806 2214 1053 2313 Porphyrion:
1076 2243 1094 2280 «-
1113 2214 1219 2286 Multi
1238 2196 1366 2287 credi-

212 2330 344 2403 derunt
379 2333 572 2428 Thyestem
607 2333 719 2405 Cassii
756 2330 957 2403 Parmensis
998 2328 1121 2402 inisse.
1161 2329 1366 2426 Scripserat

212 2446 307 2516 enim
326 2447 455 2519 multas
471 2448 659 2545 tragoedias
676 2448 820 2519 Cassius
839 2445 906 2540 (2).
928 2475 946 2514 u
968 2445 1042 2517 Nec
1064 2471 1134 2517 non
1153 2460 1186 2517 et
1206 2446 1366 2541 Cruquii

213 2559 433 2648 scholiastes,
445 2554 596 2634 Acconis
610 2564 665 2634 vel
679 2562 923 2660 Porphyrione
933 2560 1073 2633 fidelior
1083 2560 1184 2632 simia
1197 2591 1206 2632 :
1220 2589 1238 2628 «
1253 2561 1366 2632 Multi

212 2675 440 2748 crediderunt
456 2679 648 2774 Thyestem
665 2679 776 2750 Cassi—i
795 2677 995 2770 Parmensis
1019 2676 1141 2748 luisse.
1164 2677 1367 2772 Scripserat

211 2794 306 2863 enim
334 2794 464 2867 multas
494 2796 582 2868 alias
612 2795 799 2893 tragoedias
824 2794 891 2891 (3).
919 2793 1084 2864 »Merito
1110 2794 1219 2889 igitur
1245 2807 1364 2863 vatem

210 2908 484 2981 celeberrimum
499 2911 655 3006 tragicis,
672 2936 753 2981 cum
769 2910 935 3007 plurimis
951 2908 1166 3005 tragicorum
1181 2907 1367 3003 fragmen-

211 3036 331 3093 torum
346 3025 608 3113 collectoribus,
624 3025 876 3096 adscribimus.
1132 3014 1139 3046 '¹

543 3266 562 3331 §
582 3271 611 3318 l.
626 3267 817 3318 cassiana
835 3269 1031 3329 umentes.

262 3473 364 3566 Quod
381 3499 495 3569 quum
514 3475 707 3561 elucescat,
726 3474 763 3544 in
787 3474 932 3545 illarum
952 3498 1163 3559 nnmerum,
1183 3497 1271 3570 quas
1291 3473 1364 3546 do-

212 3590 327 3661 cuerit
360 3589 526 3679 Cassius‚
558 3589 786 3675 fabularum,
818 3591 1010 3684 Thyestem
1036 3589 1259 3661 referendam
1283 3587 1364 3683 jam

213 3702 287 3777 fere
314 3707 494 3801 potaveris
519 3705 643 3778 lidem.
674 3730 844 3803 superea
872 3733 910 3779 re
934 3705 1036 3776 nohis
1057 3704 1250 3776 admodum
1277 3725 1364 3778 sunt

212 3839 315 3896 testes
339 3842 443 3918 atque
461 3841 644 3911 auctores;
667 3821 728 3894 sed
745 3847 816 3892 non
833 3846 1013 3894 assensere
1033 3821 1203 3892 universi.
1222 3819 1364 3915 Duplex

211 3958 329 4011 antem
350 3938 431 4010 inde
445 3939 546 4009 nohis
561 3954 695 4035 pateret
712 3937 755 4009 de
766 3938 1077 4034 Thyestequaestio
1095 3967 1103 4006 :
1124 3941 1160 4006 l⁰
1172 3934 1266 4007 Num
1278 3959 1363 4007 vere

213 4057 334 4128 Cassio
358 4053 546 4128 tribuenda
563 4055 621 4140 sit,
642 4079 688 4124 an
703 4053 827 4140 Vario,
850 4079 895 4124 an
916 4053 1033 4151 potius
1055 4052 1200 4147 utrique
1227 4076 1304 4136 sua,
1328 4069 1365 4124 et

212 4197 374 4268 quaenam
404 4170 539 4241 fuerint
571 4170 667 4267 apud
702 4170 867 4265 antiquos
906 4168 1085 4266 tragoediae
1117 4166 1227 4262 hujus
1260 4167 1362 4238 hand

249 4397 287 4472 (l)
300 4405 332 4451 ln
341 4403 429 4451 Horat.
445 4404 466 4460 1,
483 4402 565 4463 Epist.
574 4419 610 4461 iv,
626 4399 653 4450 5.

253 4484 291 4559 (2)
306 4484 431 4550 Porphyr.
445 4489 525 4547 ihld.;
539 4494 564 4540 et
581 4490 607 4538 in
624 4490 646 4548 1,
664 4483 760 4556 Sotyr.
775 4509 802 4550 x,
814 4487 858 4539 dl.
873 4488 952 4539 cassii
966 4488 1075 4539 tabulam
1085 4487 1220 4548 Thyestem
1232 4497 1275 4534 sua
1291 4489 1363 4535 tem-

216 4575 311 4640 pestate
326 4577 448 4628 exstitisse
464 4578 607 4627 confltetur.
1298 4560 1303 4574 ⁵

253 4664 290 4730 (5)
302 4667 381 4728 crnq.
394 4667 520 4718 scholiast.
536 4661 603 4718 t'lu'd.
618 4681 643 4731 p.
654 4665 717 4717 527.
