3164 5214
697 331 869 394 mio„

209 471 320 558 todcs,
348 469 574 543 delitescebat
600 472 668 569 (l).
687 470 761 544 Nee
780 496 845 543 suo
860 471 974 543 amico
994 471 1087 544 tristi
1104 484 1211 568 atque
1228 496 1272 544 ex
1301 469 1363 542 di-

212 587 304 659 vitiis
330 586 506 658 mundum
534 587 668 660 victum
686 603 719 660 et
738 612 945 660 crumenam
964 585 1070 659 modo
1084 611 1156 658 non
1184 586 1364 658 delicien-

211 718 280 775 tem
305 701 485 790 retinenti,
509 703 678 788 Horatius
704 705 774 776 alia
793 718 929 800 poterat
947 720 1073 800 praeter
1095 702 1310 803 suauissima
1331 715 1365 772 et

210 817 349 888 luctum
381 830 641 912 temperatura,
680 818 858 915 castigatis
877 832 926 890 'et
957 816 1159 913 purissimis
1192 815 1365 888 'versibus

210 928 444 1028 praetenderc.
465 931 542 1022 Qua
557 944 592 1003 et
614 931 769 1003 leniendi
788 947 822 1005 et
841 930 1040 1003 delectandi
1058 931 1194 1003 ratione
1205 945 1279 1004 tota
1300 929 1363 1001 illa

211 1047 421 1118 nobilitatur
446 1047 491 1118 ad
518 1046 667 1124 Albium
686 1046 844 1144 epistola.
870 1043 979 1144 Ergo,
1000 1071 1045 1118 ne
1063 1047 1171 1121 nimis
1191 1069 1270 1118 rem
1296 1070 1365 1117 ur-

211 1185 372 1260 geamus,
394 1175 458 1233 aut
471 1163 603 1259 optima
622 1163 849 1235 meditantem
863 1177 925 1234 aut
939 1162 1189 1235 excellentium
1202 1160 1366 1258 ingenio-

212 1302 296 1348 rum
329 1277 487 1350 carmiua
511 1279 751 1367 aemulantem,
768 1279 957 1350 Tibullum
980 1276 1067 1373 quid
1089 1276 1195 1348 faciat
1218 1275 1367 1374 regione

213 1392 354 1465 Pedana
373 1393 542 1465 Horatius
575 1394 769 1490 interrogat
797 1393 934 1465 amicus
966 1393 1137 1480 amicum,
1158 1415 1224 1464 nec
1247 1392 1365 1463 alium

214 1508 324 1579 iubis
341 1508 458 1580 verbis
474 1508 582 1580 latere
599 1532 742 1580 sensum
760 1507 1075 1605 deprehendimus.
1095 1505 1284 1578 Horatium
1305 1504 1368 1602 igi·

213 1639 274 1695 tur
296 1622 485 1713 habemus,
508 1648 578 1694 non
608 1639 749 1696 tantum
779 1623 977 1694 minutulos
999 1622 1219 1709 scholiastas,
1251 1619 1367 1692 Cassii

213 1738 415 1809 Parmensis
440 1737 661 1810 laudatorem
693 1738 971 1810 nobilissimum.
999 1738 1078 1830 Quo
1114 1734 1229 1830 majus
1257 1737 1368 1808 etiam

214 1878 312 1924 nunc
336 1852 375 1924 fit
403 1853 600 1950 elegiarum
627 1853 787 1942 illarum,
806 1877 895 1950 quas
921 1853 1179 1950 conscripserat
1204 1851 1366 1936 Cassius,

214 1967 445 2039 desiderium.
468 1967 542 2040 Nee
564 1967 634 2038 vim
660 1968 792 2039 doloris
817 1969 968 2040 tolerare
992 1968 1109 2065 potuit
1129 1968 1184 2037 vir
1206 1964 1370 2038 doetissi-

216 2107 310 2167 mus,
332 2082 508 2179 gymnasii
525 2081 825 2180 Aquisgranensis
845 2083 992 2181 collega,
1017 2079 1177 2168 OEbelre,
1191 2094 1238 2168 et,
1251 2104 1297 2153 ne
1317 2097 1369 2154 to·

217 2213 273 2268 tus
291 2197 437 2292 perierit
450 2212 560 2284 vates,
575 2197 728 2294 probare
743 2196 881 2270 studuit
895 2198 1043 2269 tertium
1057 2197 1268 2294 elegiarum,
1286 2220 1370 2292 quae

146 2345 150 2351 ·
217 2311 365 2383 Tibullo
382 2312 653 2401 adscribuntur,
672 2312 821 2402 librum,
840 2337 911 2384 nou
937 2312 982 2384 ad
1001 2312 1212 2398 Tibullum,
1231 2309 1294 2382 sed
1322 2313 1369 2382 ad

218 2426 381 2498 Cassium
408 2428 528 2524 ipsum
554 2428 783 2500 Parmensem
801 2427 930 2500 referri
947 2426 1078 2500 debere
1094 2441 1274 2498 auctorem
1295 2427 1365 2523 (2).

267 2543 318 2613 Re
340 2540 486 2636 quidem
503 2565 600 2631 vera,
619 2566 691 2613 non
715 2543 864 2617 Tibullo
886 2541 1021 2614 librum
1038 2542 1145 2613 illum
1166 2540 1368 2638 elegiarum

218 2656 364 2728 tertium
389 2656 474 2729 sinit
498 2655 676 2754 adsignari
696 2656 850 2755 legitima
872 2681 993 2729 rerum
1023 2656 1221 2745 aestimatio,
1251 2679 1370 2751 neque

218 2773 249 2844 si
265 2773 308 2846 de
326 2798 363 2845 se
376 2774 453 2872 ipso
468 2774 676 2862 cantavisse,
689 2790 852 2846 mutuato
870 2775 1027 2860 nomine,
1038 2788 1191 2870 poetam,
1207 2796 1325 2867 neque
1339 2771 1369 2843 si

218 2888 352 2961 alienos
378 2888 551 2985 Lygdami
569 2912 706 2961 amores
726 2888 924 2986 prodidisse
946 2914 1028 2960 eum
1050 2889 1251 2960 certaveris.
1271 2890 1371 2959 Tum

219 3027 276 3074 res
290 3003 376 3100 ipsae
393 3018 426 3075 et
440 3002 532 3073 lacta
550 3026 629 3097 quae
645 3004 895 3101 complectitur
913 3003 1070 3091 libellus,
1086 3020 1166 3074 tum
1183 3001 1371 3075 notissima

220 3117 437 3190 Tibullianae
447 3140 590 3214 poeseos
605 3131 639 3188 et
655 3115 767 3188 lorma
778 3135 810 3189 et
829 3117 1031 3191 inventione
1052 3119 1090 3189 in
1103 3100 1260 3190 errorem
1272 3114 1374 3190 dela·

222 3234 317 3308 baris
332 3249 449 3306 vetant
468 3232 536 3330 (3)

257 3481 296 3548 (1)
315 3484 355 3535 cl.
370 3484 466 3535 Tibull.
481 3500 495 3531 o
513 3483 604 3535 Felicis
622 3484 766 3546 quondam,
780 3496 849 3535 nuuc
866 3485 983 3546 pauperis
1003 3485 1055 3547 agri
1073 3483 1205 3541 custodes,
1222 3482 1293 3533 tertis
1312 3495 1377 3534 mo·

222 3585 283 3622 uera
296 3578 377 3622 vestra
391 3574 475 3622 Lares.
492 3587 505 3619 u
519 3575 540 3637 1,
553 3571 625 3635 Eleg.
637 3591 656 3637 1,
671 3571 763 3623 19-92.
776 3572 894 3634 Plerique
907 3572 1084 3623 infelicissime
1096 3573 1170 3635 bajus
1184 3572 1264 3622 etatis
1274 3575 1376 3633 poetar,

223 3661 339 3711 eamdem
352 3661 384 3710 de
396 3661 448 3710 suis
462 3661 607 3711 infortuniis
621 3661 906 3724 quereiameouctnuut
916 3661 1011 3710 Auctor
1020 3660 1166 3722 panegyrici
1181 3660 1212 3710 ad
1225 3658 1376 3717 Messalam,

223 3751 331 3812 quinon
347 3749 464 3799 Tibullus
479 3755 526 3813 est,
544 3764 568 3802 t.
585 3749 716 3799 aaa-190.
731 3752 795 3799 Item
807 3749 963 3811 Propertius,
975 3750 1007 3798 de
1020 3763 1046 3801 se
1056 3749 1216 3813 serenatus,
1236 3748 1282 3809 lV,
1296 3747 1375 3812 Eleg.

224 3855 242 3894 1,
257 3838 291 3887 28
305 3853 312 3886 ε

572 3943 638 3983 .....iu
649 3947 724 3983 leuues
732 3944 816 3994 cogeris
826 3944 871 3993 ipse
881 3944 949 3982 Lares.

464 4013 515 4052 Nom
525 4018 563 4053 tna
572 4025 638 4063 quum
648 4014 723 4053 multis
734 4018 844 4054 versarent
852 4025 904 4053 rure
917 4014 1012 4062 juvenci,

411 4100 414 4105 ·
516 4083 608 4125 Abstulit
617 4083 714 4125 excultos
725 4085 807 4136 pertice
814 4086 881 4125 tristis
888 4095 946 4136 opes.

231 4209 365 4265 cleliam
383 4211 469 4261 vater.
494 4212 617 4261 catonem
632 4212 658 4261 iu
674 4206 761 4264 Diria.
780 4213 817 4262 De
837 4211 930 4262 Tibulli
945 4210 1101 4273 temporibus
1120 4210 1153 4261 cl.
1173 4210 1298 4272 imprimis
1316 4223 1378 4272 quae

226 4299 292 4350 bod.
306 4298 407 4359 Disien,
420 4304 439 4350 l.
455 4318 474 4361 i,
486 4314 512 4362 p.
526 4319 579 4361 xiv,
592 4319 636 4351 xv.

262 4388 300 4458 (2)
317 4392 426 4452 OEbeke,
440 4393 466 4443 iu
475 4395 596 4454 Gymnas.
609 4393 762 4455 aquisgran.
778 4395 934 4453 Programm.
947 4405 972 4443 a.
987 4389 1070 4450 {8523
1087 4403 1117 4441 cx
1130 4390 1255 4454 Ludoiphi
1269 4391 1378 4443 Dissen.

226 4481 352 4544 disquisit.
364 4482 397 4532 V.
413 4481 445 4531 D.
461 4482 591 4532 Weicbert
599 4482 689 4532 lamam
704 4494 787 4531 rernm
798 4481 894 4542 aceepit
905 4480 954 4545 (Oi.
966 4495 992 4543 p.
1006 4474 1082 4547 375),
1093 4492 1145 4530 nou
1158 4479 1309 4542 opusculum
1320 4478 1380 4540 ipse

226 4569 309 4638 potuit
321 4569 472 4631 perspicere.
709 4607 712 4613 .

264 4652 300 4724 (5)
319 4659 358 4708 ct.
380 4661 406 4711 i.
432 4660 466 4710 Η.
489 4661 563 4719 Voss,
586 4653 765 4726 Heidelberg,
793 4657 883 4707 181¹:
909 4658 997 4708 Albius
1020 4657 1136 4708 Tibullus
1167 4661 1192 4707 et
1214 4655 1374 4719 Lygdamus,
