3164 5214
701 325 875 389 „10-

211 451 247 541 ⁸et
263 468 450 540 hortorum
465 465 609 537 illorum
627 465 877 562 epicureorum
893 489 1013 538 amorc
1028 467 1123 552 tacti,
1142 491 1284 563 gregem
1299 467 1361 538 de·

215 583 402 656 licatulum
423 581 528 678 (bona
549 604 634 679 pace
648 580 844 654 dixerimus
856 583 881 678 l)
900 582 1166 679 compleverint.
1187 584 1281 655 luter
1295 607 1354 653 au·

213 699 266 770 rei
291 696 387 794 quod
414 696 560 784 dieunt,
585 695 755 793 temporis
778 711 911 794 poetas,
938 697 1020 794 quis
1049 721 1120 769 non
1149 693 1358 793 ieaaoepiiea?

211 812 358 886 Jamdiu
389 812 560 885 infecerat
577 813 726 884 Romam
750 813 877 885 urbem
900 813 1018 886 lraetae
1035 810 1144 907 hujus
1160 829 1194 884 et
1206 811 1360 884 elumbis

212 928 411 1026 disciplinae
426 928 535 1026 pestis
551 933 593 1000 ac
611 950 802 1000 venenum.
817 928 911 1022 Quid
933 928 1143 1002 Lucretium
1171 943 1205 1000 et
1226 927 1268 998 C.
1293 929 1362 998 Ca·

213 1045 346 1118 tullum
370 1068 622 1133 memoremus,
651 1061 685 1116 et
710 1044 876 1133 Calvum,
896 1059 932 1117 et
956 1061 1036 1142 post
1061 1044 1126 1116 hos
1152 1043 1360 1116 Cornelium

213 1160 380 1248 Gallum,
406 1174 468 1232 aut
490 1155 693 1265 Valgium?
720 1158 814 1252 Quid
833 1158 982 1231 Albium
1004 1158 1195 1231 Tibullum
1214 1160 1362 1231 acPro-

214 1274 384 1372 pertium,
405 1273 644 1370 Ovidiumque
670 1290 702 1345 et
734 1274 922 1346 Horatium
946 1273 1028 1371 (tii
1047 1275 1092 1347 lli
1117 1274 1243 1346 saltem
1261 1274 1363 1346 almae

214 1390 348 1464 Veneri
365 1391 639 1464 addicebantur.
660 1388 706 1461 At
735 1415 853 1462 nonne
871 1391 947 1488 ipse
959 1391 1022 1486 qui
1039 1390 1191 1488 pudicus
1208 1415 1249 1462 ae
1261 1392 1363 1461 Par·

215 1503 356 1578 thaniae
386 1505 483 1604 apud
507 1506 671 1601 antiquos
697 1504 835 1577 audivit
854 1506 920 1601 (2),
943 1506 1116 1603 Virgilius
1134 1506 1258 1579 iisdem
1276 1505 1364 1578 lavit

214 1621 400 1709 institutis,
417 1635 464 1710 et,
486 1621 620 1715 Syrone
640 1620 809 1718 magistro
827 1619 895 1717 (3),
915 1620 1103 1692 insanienti
1130 1620 1363 1718 philosophiae

216 1736 396 1826 incubuit,
424 1752 460 1808 et
482 1734 704 1808 carminibus
732 1735 840 1808 ctiam
873 1735 1121 1833 epicureorum
1149 1736 1360 1808 fabellarum

215 1852 407 1949 imaginem
432 1851 605 1949 expressit
626 1849 702 1948 (lul
718 1850 850 1923 Nullus
873 1851 947 1922 fere
969 1851 1050 1940 luit,
1074 1851 1177 1923 modo
1192 1852 1362 1948 probatus

217 1968 338 2057 luerit,
356 1969 420 2064 qui
445 1992 516 2039 non
540 1964 585 2038 ad
604 1990 719 2039 mores
742 1966 821 2039 illos
839 1983 873 2039 et
890 1966 1083 2040 diversoria
1099 1967 1294 2040 dellexerit.
1316 2010 1360 2021 -

215 2083 310 2154 Num
328 2108 411 2181 ergo
428 2099 463 2156 et
479 2080 652 2155 Cassius?
669 2125 715 2136 -
730 2080 835 2152 llaud
849 2082 1013 2178 equidem
1028 2082 1248 2155 affirmamus
1262 2114 1271 2170 ;
1290 2085 1360 2179 pla-

216 2215 272 2271 cet
293 2215 409 2272 tamen
429 2199 586 2297 speciosa
605 2197 812 2285 credulitas,
834 2222 946 2293 quum
975 2199 1012 2268 in
1039 2198 1199 2270 versibus
1226 2201 1361 2270 Horatii

216 2315 483 2403 laudatissimis,
500 2312 672 2388 Tibullus
697 2314 912 2409 Cassiusque
929 2332 1074 2412 propter
1089 2314 1258 2410 opuscula
1278 2340 1363 2385 con-

218 2430 394 2502 ferantur.
407 2432 483 2503 Cur
496 2429 617 2502 istbaec
635 2444 735 2527 poeta
749 2428 1012 2525 sagacissimus,
1025 2428 1094 2500 nisi
1109 2429 1250 2524 propria
1268 2454 1364 2525 quae·

217 2543 301 2617 dam
332 2561 368 2616 et
397 2545 588 2642 peculiaris
619 2542 816 2617 similitudo
841 2543 934 2616 inter
958 2543 1151 2640 scriptores
1181 2544 1245 2616 bos
1273 2544 1362 2615 duos

216 2659 418 2733 insederit?
435 2660 494 2733 Et'
510 2658 622 2755 major
651 2658 758 2730 etiam
788 2659 841 2730 rei
872 2657 961 2731 [ides
987 2656 1204 2757 adjungatur
1221 2684 1362 2732 neccsse

215 2791 280 2863 est,
296 2799 409 2872 quum
427 2775 503 2872 ipse
519 2774 651 2863 Acron,
668 2774 939 2871 antiquissimus
954 2791 1062 2872 poetae
1078 2775 1251 2848 Venusini
1270 2799 1362 2848 com-

251 3118 288 3182 (i)
307 3121 436 3182 Epicureis
448 3122 604 3184 bominibus,
617 3121 671 3184 ipso
686 3121 789 3184 latente,
801 3122 918 3173 Flaccum
930 3123 1137 3183 adnumeremus,
1154 3123 1211 3172 licet

493 3320 576 3360 Nullius
584 3320 694 3362 addietum
703 3323 777 3371 jurare
786 3323 809 3363 in
816 3323 882 3363 verbe
890 3323 994 3375 magistri.

215 3509 365 3569 Quanquam
378 3507 447 3557 enim
463 3513 488 3558 et
502 3520 606 3571 magnos
625 3509 778 3571 quandoque
797 3509 899 3572 spiritus
912 3514 938 3560 et
951 3509 1042 3559 stoicos
1056 3508 1166 3568 redolet,
1181 3510 1318 3570 saepissime
1336 3510 1361 3556 in

216 3596 336 3659 Aristippi
348 3602 472 3660 precepta
484 3599 614 3657 relabitur,
631 3603 658 3649 et
669 3600 892 3651 Veneremdivina
903 3601 1014 3650 carmina
1025 3601 1161 3661 spiravere.

253 3684 291 3750 (2)
310 3687 350 3737 Gi.
371 3687 457 3749 Baple.
477 3701 500 3738 v.
526 3682 645 3756 Vispil03
659 3689 753 3750 Donat,
766 3686 819 3740 Vtt.
838 3685 913 3757 Va'rp.
935 3689 948 3752 ξ
968 3689 1011 3739 22.
1028 3689 1104 3738 Modo
1120 3701 1171 3738 non
1187 3689 1267 3737 Plotia
1283 3689 1362 3742 Varii.

218 3788 264 3824 uec
277 3775 363 3826 Hieria
375 3777 469 3838 puella,
483 3789 531 3826 nec
541 3777 695 3838 Alexander,
716 3791 763 3828 nec
777 3780 874 3842 Cebes,
892 3780 918 3828 in
937 3766 1070 3828 doctorum
1085 3778 1250 3834 rumusculis,
1266 3777 1361 3838 obiice·

218 3866 318 3913 rentur.
335 3863 375 3914 ci.
395 3865 487 3914 Donat.
503 3865 574 3932 virg,
590 3865 645 3915 vit.
661 3885 687 3925 v,
704 3863 782 3928 2²⁰3
803 3864 912 3928 Martini,
930 3862 1133 3925 v11,29;Apui,
1153 3858 1232 3930 Apol.
1249 3877 1274 3923 p.
1299 3864 1361 3923 ⁴279,

217 3945 401 4010 hilmeradum,
415 3956 441 4002 et
451 3953 502 4005 voi.
517 3971 545 4016 ιι,
561 3967 588 4016 p.
604 3953 667 4017 tos,
685 3954 726 4005 ed.
740 3954 870 4012 Bossclra3
884 3952 981 4016 spohn,
994 3953 1138 4014 Proiegom.
1152 3952 1183 4002 nd
1193 3953 1263 4013 Virg.
1278 3953 1361 4002 Bucot.

217 4053 242 4101 p.
256 4039 300 4098 24,
316 4040 377 4091 edit.
390 4042 511 4103 Wagner,
523 4047 542 4092 t.
556 4061 575 4093 1.
586 4042 626 4093 Gi.
639 4042 780 4104 Weiebert,
791 4043 828 4092 De
839 4044 901 4091 Luc.
914 4041 1001 4103 Vario,
1013 4056 1037 4103 p.
1052 4041 1096 4101 89,
1110 4054 1166 4103 sqq.

254 4126 287 4191 (5)
305 4128 347 4179 ci.
360 4130 453 4191 Donat,
463 4130 518 4180 vit.
527 4131 617 4193 Virgii.
632 4129 689 4194 l⁷9
704 4130 970 4191 :candidissimae
982 4135 1103 4191 precepta
1113 4129 1223 4191 Epicuri.
1234 4142 1249 4175 n

253 4215 288 4282 (i)
308 4217 348 4268 ci.
363 4207 531 4279 J.-1{.v0s's;
547 4221 693 4271 comment.
707 4219 798 4282 virgil.
814 4219 841 4269 in
855 4219 927 4270 latin.
948 4231 1059 4268 sennen.
1073 4219 1197 4269 convertit
1214 4201 1362 4274 licinium,

217 4305 285 4367 Lips.
300 4307 500 4372 etParis,l858,
515 4315 580 4370 part.
594 4327 622 4368 n,
632 4323 658 4372 p.
668 4309 685 4358 5
697 4310 723 4360 et
734 4307 779 4371 25,
789 4321 845 4372 sqq.
856 4309 913 4358 Non
922 4312 1017 4367 tamen,
1026 4307 1134 4370 Epicuro
1148 4306 1257 4364 deditus,
1267 4311 1363 4356 eeteros

217 4394 332 4446 eliminat
345 4400 418 4458 poeta
433 4396 476 4447 illc
490 4397 608 4448 eximius.
623 4416 633 4440 ι
647 4398 768 4458 Quamvis
783 4396 941 4448 diversorum
958 4397 1163 4459 pbilosophorum
1179 4395 1311 4456 opiniones
1333 4394 1362 4441 ii.

217 4483 269 4534 bris
285 4485 336 4535 suis
356 4485 493 4537 inseruisse
514 4486 546 4537 de
563 4484 649 4536 animo
671 4486 779 4537 maxima
803 4485 933 4549 videatur,
948 4486 1003 4546 ipsc
1017 4489 1102 4534 tamen
1119 4483 1166 4533 luit
1183 4482 1360 4532 academicus:

166 4561 168 4565 ’
217 4585 276 4623 nam
290 4574 402 4624 Platonis
415 4574 552 4624 sententias
567 4574 686 4624 omnibus
698 4573 754 4625 aliis
768 4574 887 4636 praetulit.
903 4592 914 4618 ι
929 4576 1026 4634 Donat,
1042 4566 1061 4623 l.
1078 4585 1101 4622 s.
1117 4572 1189 4631 Quod
1205 4570 1321 4621 facillime
1332 4583 1361 4617 cx

219 4665 306 4723 quarto
321 4665 347 4714 et
360 4666 430 4714 sexto
441 4663 563 4714 AEneidos
575 4662 639 4714 libro
653 4663 812 4726 expresseris.
