3164 5214
785 322 938 383 ,ης-

289 457 414 531 tissimi
428 457 560 555 ingenii
580 458 697 530 virum
715 458 787 532 huc
802 460 912 531 citare
929 457 1144 530 concedatur
1163 459 1275 530 aleam
1295 462 1441 558 pericu·

289 572 503 645 losissimam
520 573 727 646 ineuntibus
743 573 867 662 nobis3
884 599 991 670 quem
1005 570 1204 668 adjutorem
1223 577 1437 668 maximnm,

288 686 681 785 locupletissimumqne
719 705 841 761 testem
867 689 1039 761 advocare
1073 705 1260 790 pergratus
1293 692 1441 765 animus

287 785 468 875 hortatur.
499 792 604 874 Anno
630 801 708 898 jam
732 798 864 877 abhinc
889 821 1019 901 quarto
1044 820 1080 877 et
1112 804 1249 878 decimo
1278 823 1437 903 peracto,

289 914 436 1005 Grimae,
448 916 544 1015 apud
567 916 778 990 Manritinm
801 916 1007 1008 Gebhardt,
1024 918 1061 992 in
1081 920 1198 993 lucem
1213 918 1363 1019 protulit
1380 922 1442 992 De

289 1032 398 1104 Lucii
414 1032 523 1103 Varii
534 1047 570 1103 et
586 1033 706 1104 Cassii
717 1035 929 1106 Pantaenus
945 1039 1068 1106 'nitaet
1079 1033 1302 1107 carminibus
1319 1037 1441 1132 incly-

292 1163 347 1218 tas
371 1145 475 1235 duas,
503 1161 784 1245 argumentoque
808 1172 850 1220 ac
873 1148 981 1221 rebus
1003 1148 1186 1240 finitimas,
1218 1166 1444 1224 commenta-

292 1261 403 1334 tiones
423 1259 609 1359 Augustus
635 1260 833 1335 Weicdert.
861 1265 966 1336 Hunc
990 1264 1093 1337 nobis
1117 1265 1287 1363 praevium
1308 1265 1439 1338 ducem

291 1378 362 1450 nisi
379 1378 643 1478 profiteremur,
667 1377 815 1475 ingratae
826 1403 867 1450 ac
886 1404 1057 1476 perversae
1074 1379 1205 1452 indolis
1222 1405 1284 1452 nos
1298 1379 1441 1476 judices

292 1492 616 1567 benevolentissimi
642 1494 767 1565 merito
793 1517 834 1566 ac
854 1493 937 1589 jure
955 1495 1151 1592 arguerint.
1171 1496 1229 1567 Sic
1249 1511 1367 1568 tamen
1387 1497 1440 1567 vi·

292 1633 376 1680 rum
401 1607 646 1682 doctissimum
672 1608 784 1680 secuti
808 1633 947 1696 snmus,
967 1627 1008 1680 ut
1031 1610 1198 1707 neglectis
1215 1627 1277 1682 aut
1299 1626 1437 1683 tantum

295 1723 474 1812 indicatis,
488 1749 567 1821 quae
585 1722 894 1812 demonstraverit,
905 1748 1164 1820 nonnunquam
1182 1750 1262 1822 qnae
1281 1727 1440 1799 omiserit

292 1840 521 1936 paucissima,
537 1840 853 1935 compleverimus;
876 1840 912 1911 in
927 1840 1060 1936 quibus
1075 1855 1194 1913 autem
1209 1842 1393 1930 erravisse,
1408 1845 1438 1914 si

293 1953 347 2026 las
362 1970 414 2025 est
432 1951 563 2041 dicere,
580 1954 677 2027 visus
692 1954 795 2026 nobis
816 1972 880 2043 est,
900 1979 983 2027 cum
1007 1978 1146 2026 summa
1167 1954 1204 2025 in
1224 1956 1332 2028 talem
1352 1955 1439 2053 phi-

292 2069 451 2167 lologum
470 2070 707 2159 veneratione,
724 2070 855 2167 passim
879 2068 1140 2141 emendationes
1165 2070 1308 2142 solliciti
1330 2069 1439 2143 haesi-

294 2200 478 2280 tantesque
498 2185 766 2258 tentaverimus.
1204 2282 1206 2287 .

342 2300 463 2372 Liceat
488 2300 595 2371 etiam
620 2301 878 2398 precellentem
900 2318 937 2373 et.
960 2299 1107 2372 veritate
1126 2315 1162 2372 et
1188 2299 1370 2396 elegantiis
1395 2301 1440 2371 li-

293 2414 414 2501 brum,
436 2415 475 2484 in
493 2408 718 2487 Tibullianas
743 2414 872 2512 elegias
889 2412 1070 2510 Ludolphi
1089 2410 1221 2486 Dircen
1243 2439 1440 2489 memorare

293 2527 557 2623 disquisitiones
587 2543 622 2600 et
648 2531 914 2601 commentaria.
934 2530 1094 2622 Quorum
1120 2528 1253 2626 duplex
1272 2531 1439 2605 volumen

292 2641 488 2740 Gottingae,
509 2639 602 2742 typis
624 2658 659 2716 et
675 2645 844 2742 impensis
869 2646 1024 2718 librariae
1034 2645 1324 2735 Dieterichianae,
1344 2673 1439 2721 anno

292 2783 518 2850 uncccxvxv,
540 2758 686 2858 prodiit.
708 2760 813 2856 Quali
828 2779 862 2835 et
878 2778 1011 2859 quanto
1034 2761 1109 2834 haee
1134 2761 1217 2832 visui
1234 2762 1281 2834 sit
1297 2763 1343 2835 de
1358 2765 1437 2836 ela-

290 2874 424 2946 rissimi
439 2881 638 2971 ἐλεγειοποιοῦ
649 2877 719 2950 vita
733 2892 767 2950 et
776 2879 873 2975 poesi
885 2876 1092 2975 disputatio,
1107 2875 1240 2950 clarius
1256 2893 1290 2950 et
1300 2881 1438 2976 aequins

291 2989 380 3087 ipsis
395 2988 594 3085 legentibus
606 2989 849 3065 affirmabitur
858 3020 870 3082 3
885 3016 950 3064 nos
962 2992 1000 3062 in
1014 2992 1168 3066 transitu
1185 3015 1307 3065 rerum
1324 2994 1440 3067 eeler-

292 3105 322 3177 ri
329 3130 385 3176 mo
401 3104 619 3178 notabimus.

341 3218 502 3293 Praelatis
519 3221 627 3310 istaec,
641 3219 717 3316 jam
735 3221 955 3319 exindeque
971 3223 1085 3296 Cassii
1110 3223 1311 3296 Parmensis
1332 3248 1438 3323 opera

296 3336 432 3409 luerint
446 3336 580 3432 quibus
595 3334 818 3426 inclaruerit,
837 3362 959 3434 qnaeve
977 3339 1044 3437 ipsi
1060 3339 1297 3411 commentitia
1314 3339 1438 3436 impu·

293 3467 425 3539 tentnr,
451 3452 552 3524 liccat
570 3476 781 3524 enumerare
799 3469 834 3524 et
856 3453 1070 3551 quandoque
1089 3455 1328 3551 interpretari.
1345 3455 1438 3548 Quo-

293 3589 364 3662 que
380 3589 444 3638 nos
461 3567 547 3638 ordo
562 3566 704 3640 lucidus
719 3569 755 3639 in
774 3567 979 3641 disserendo
995 3592 1067 3640 non
1087 3569 1240 3656 deserat,
1256 3569 1293 3639 in
1319 3567 1438 3668 bipar-

293 3679 355 3753 tita
371 3681 622 3780 disputatione,
639 3685 741 3781 prins
754 3682 799 3757 de
816 3708 855 3757 re
868 3686 1018 3782 poetica,
1027 3687 1203 3784 posterius
1217 3685 1353 3758 verode
1371 3710 1437 3785 pe-

292 3795 402 3870 destri
423 3822 599 3890 sermone,
624 3801 831 3898 singulatim
849 3825 1008 3899 agemus.
