3164 5214
611 395 653 406 ..
678 354 718 420 55
746 395 785 406 -

125 504 200 577 Hoc
224 503 319 575 enim
345 508 567 575 mensurium
591 503 737 574 Cassius
766 503 981 590 Parmensis,
1004 504 1069 574 illo
1090 516 1271 601 argenta·

123 623 220 690 riurn
245 619 387 715 ignotus
423 633 523 715 poeta
553 618 736 691 Octaviani
766 636 903 715 patrem
932 619 1126 715 appellant.
1155 621 1273 691 Potuit

124 758 248 831 reapse
262 759 377 805 unum
392 733 558 829 idemque
570 735 770 804 convicium
789 735 896 804 unius
914 733 1145 830 ejusdemque
1165 751 1274 832 poetae

125 850 267 947 ingenio
285 848 513 921 referendum
532 874 606 921 esse
631 849 757 920 videri.
779 849 848 921 Sed
866 851 919 920 nil
942 851 1031 921 tanti
1050 867 1115 922 est.
1140 850 1273 922 Aberat

126 967 222 1037 enim
232 965 308 1059 jam
328 981 405 1036 tum
424 965 567 1037 Cassius
578 995 588 1053 ;
611 981 717 1060 atquc
736 963 772 1034 id
792 964 894 1036 nobis
913 964 1019 1036 modo
1032 967 1161 1063 placet,
1182 967 1211 1038 si
1230 991 1273 1037 ex

126 1081 238 1178 ipsius
268 1105 397 1178 nempe
423 1080 610 1152 Weichert
625 1079 846 1151 consessione
864 1078 1072 1167 eliciamus,
1095 1081 1273 1168 Cassium,

125 1198 171 1268 ab
187 1197 296 1267 Roma
306 1193 381 1291 jam
397 1195 597 1279 absentem,
615 1219 730 1289 neque
748 1196 908 1290 primum
924 1219 1038 1290 neque
1055 1212 1276 1291 postremum

126 1313 349 1410 epigramma
372 1312 550 1383 effinxisse
574 1311 742 1409 potuisse.
764 1311 938 1383 Novimus
960 1312 1055 1383 enim
1077 1336 1186 1409 quam
1208 1312 1279 1383 iri-

126 1428 209 1527 gida
221 1428 268 1500 sit
298 1443 511 1525 praepostera
541 1426 734 1498 cavillatio.
765 1427 809 1500 Ut
826 1451 908 1498 vere
936 1427 1008 1499 sint
1035 1429 1132 1498 attici
1168 1428 1278 1517 risus,

127 1543 327 1615 necessario
346 1542 419 1614 sint
432 1541 702 1638 extemporales,
719 1566 867 1638 remque
882 1540 1140 1638 explodendam
1158 1567 1279 1638 presso

126 1659 229 1753 qnasi
260 1656 406 1753 vestigio
440 1657 697 1752 insequantur,
730 1657 1023 1754 exagitandisque
1061 1656 1277 1748 inhaereant,

126 1773 328 1869 delictaque
348 1773 426 1869 ipso
448 1787 531 1843 ortu
553 1771 697 1844 hederis
719 1771 981 1845 ambitiosiores
1002 1772 1141 1869 (verbis
1177 1774 1282 1847 liceat

128 1890 181 1961 uti
203 1888 422 1985 horatianis)
443 1903 602 1960 enecent.
623 1888 660 1958 Si
689 1888 829 1984 longius
859 1888 1091 1960 intervallum
1118 1890 1281 1987 interpo-

128 2022 255 2094 natur,
291 2003 437 2101 languet
479 2020 683 2098 marcetque
713 2002 910 2076 dicacitatis
947 2005 1051 2099 quasi
1092 2004 1277 2078 flosculus.

127 2119 257 2216 Atqui,
284 2120 315 2190 si
341 2120 487 2192 tertium
517 2119 748 2216 primumque
776 2120 900 2190 Cassio
926 2120 1110 2191 Parmensi
1142 2122 1280 2194 tribuas

128 2236 397 2332 epigrammata,
416 2236 479 2329 qui
498 2252 574 2306 tum
594 2233 691 2332 apud
710 2234 882 2321 Siciliam,
902 2250 981 2306 tum
998 2235 1105 2306 etiam
1119 2235 1281 2310 Alexan-

127 2348 214 2422 driae
239 2349 389 2421 consilio
416 2348 605 2445 studioque
628 2347 882 2446 recuperande
911 2348 1085 2421 libertatis
1111 2351 1278 2443 ardebat,

128 2463 217 2561 quid
239 2464 322 2536 inde
338 2462 415 2558 jam
438 2463 620 2560 aperiatur
642 2463 833 2560 intelligas.
855 2464 1012 2536 Fatearis
1035 2482 1175 2563 oportet
1198 2483 1281 2540 ante

128 2580 248 2651 omnia
282 2579 320 2650 in
352 2579 528 2650 Siciliensi
549 2578 656 2666 bello,
680 2579 843 2674 quamvis
869 2594 944 2651 tum
973 2581 1086 2652 multa
1113 2582 1280 2657 hnmanae

128 2695 208 2769 vitae
219 2694 431 2765 commercio
446 2692 746 2788 interjicerentur,
764 2721 806 2766 ex
821 2694 941 2765 Sicilia
957 2695 1144 2768 Cassianos
1155 2722 1281 2772 versus

128 2811 278 2880 Romam
294 2832 369 2879 esse
386 2807 524 2892 missos,
543 2807 607 2902 qui
627 2823 705 2902 post
720 2826 907 2903 evagatum
919 2807 1104 2881 Octaviani
1121 2811 1280 2885 cladium

129 2924 321 3012 nuntium,
345 2947 424 2994 sero
449 2922 594 2993 demum
619 2945 661 2992 ac
682 2921 808 2994 furtim
840 2922 1035 2995 introducti
1046 2962 1062 3011 ,·
1079 2929 1279 3001 tacentibus
1343 2990 1355 3009 .

124 3035 200 3133 jam
216 3040 341 3110 ceteris
355 3036 552 3126 risoribus,
573 3036 754 3109 devictum
771 3037 1003 3110 triumvirum
1020 3040 1157 3114 salibus
1176 3045 1278 3117 novis

128 3169 162 3228 ct
176 3155 366 3252 insperatis
380 3153 645 3251 adspergerent.
662 3152 756 3245 Quid
775 3152 1007 3228 mirabilius?
1021 3156 1069 3227 At
1086 3157 1116 3227 si
1132 3159 1183 3229 M.
1200 3160 1279 3231 An·

127 3270 266 3343 tonium
283 3270 445 3342 animum
466 3269 642 3355 advertas,
655 3266 804 3364 ejusque
820 3268 979 3366 epistolis
1003 3271 1148 3343 tertium
1165 3274 1280 3348 Cassii

129 3385 351 3474 Parmensis,
378 3400 418 3457 ut
445 3385 556 3471 reris,
584 3383 802 3480 epigramma
828 3383 1044 3483 conjungas,
1061 3388 1211 3460 Romam
1236 3406 1280 3463 ex'

131 3500 346 3574 Alexandria
372 3497 652 3587 demittendum,
678 3499 810 3572 cavesis
832 3524 905 3596 quo
935 3526 992 3574 res
1020 3520 1201 3577 excurrat.
1222 3506 1280 3578 Ad

132 3614 400 3705 Alexandriam,
412 3616 517 3712 longo
529 3631 607 3711 post
620 3630 789 3712 tempore,
798 3615 948 3687 nuntius
966 3619 1128 3714 pervenit
1140 3644 1280 3693 coenam

132 3729 235 3802 illam
263 3726 447 3803 retemtas
475 3729 523 3801 ab
551 3730 742 3803 Octaviano
766 3729 877 3802 inisse
908 3731 1123 3804 institutam.
1158 3735 1280 3810 llomoe

133 3847 286 3920 riserant
293 3845 369 3943 jam
389 3847 519 3945 plebeii
535 3847 780 3946 primoresque
792 3846 957 3936 civitatis,
978 3863 1012 3920 et
1025 3849 1068 3920 ad
1086 3875 1142 3922 res
1154 3875 1277 3943 novas,

132 3985 249 4058 neque
276 3963 372 4035 enim
397 3975 475 4034 tum
501 3962 565 4034 diu
595 3961 864 4058 quiescebatur,
890 3987 965 4036 sese
986 3964 1182 4058 erigebant.
1199 3967 1280 4038 lam

132 4078 337 4176 Apollinem
354 4102 429 4152 esse
443 4079 632 4168 Cesaram,
645 4077 706 4150 scd
715 4080 923 4168 Tortorem,
938 4091 974 4152 et
988 4103 1094 4152 omne
1114 4080 1280 4154 frumen-

133 4211 212 4269 tum
228 4193 310 4268 deos
327 4193 540 4285 comedisse,
559 4193 743 4267 vociferati
758 4207 858 4267 erant
867 4248 878 4285 ,
895 4208 930 4268 et
951 4194 1106 4292 propriis
1120 4194 1279 4270 dicteriis

134 4311 268 4408 pacati,
292 4310 450 4384 tristiora
473 4311 776 4409 perpetiebantur.
801 4307 848 4383 At
877 4332 948 4381 non
973 4309 1100 4383 silebat
1119 4312 1277 4386 Cassius.

134 4426 199 4498 Ille
215 4426 462 4513 Octavianum,
478 4425 509 4498 si
531 4424 704 4513 creditur,
722 4423 885 4497 deridere
906 4426 1152 4523 praegestiens,
1170 4426 1279 4499 cavil-

136 4542 381 4638 lationumquc
402 4566 551 4615 suarum
567 4542 827 4630 tenacissimus,
847 4541 989 4638 navigio
1002 4565 1062 4614 sex
1086 4540 1280 4616 versiculos

136 4656 337 4752 committit,
352 4681 461 4755 super
477 4684 516 4730 re
528 4657 764 4731 vetustissima
782 4672 816 4729 et
834 4657 1000 4749 exsoleta,
1019 4675 1054 4730 et
1072 4655 1281 4752 trajectione
