3164 5214
676 371 851 434 ..15-

186 516 293 586 tionis
314 535 445 611 augere
468 535 510 584 nc
534 512 710 583 instruere
734 511 838 582 iilum
858 511 1025 584 voluisse.
1054 512 1179 585 Vatem
1198 516 1330 612 igitur,
1396 562 1398 569 .

187 630 406 726 quicumque
429 629 488 715 sit,
519 651 591 699 non
616 627 708 699 inter
733 626 870 725 epicos,
894 650 1112 723 quamquam
1140 632 1332 704 versiculos

188 746 306 844 epicos
325 743 507 842 scripserit
523 743 592 841 (i),
613 741 676 816 sed
692 741 785 815 inter
801 740 984 840 gnomicos
1000 743 1229 820 referendum
1246 773 1334 821 cen-

189 885 344 933 seamus.
913 935 916 940 .

236 974 285 1049 m
300 998 357 1049 res
381 974 489 1049 altius
506 972 699 1073 aperienda
717 989 784 1046 est.
807 973 931 1072 Neque
946 974 1042 1047 enim
1063 979 1234 1074 poematis
1259 979 1336 1050 lor-

189 1117 283 1166 mam
312 1108 419 1190 atque
448 1090 621 1164 rationem
647 1087 863 1162 intellexisse
882 1088 958 1186 jam
977 1093 1063 1164 satis
1093 1095 1214 1191 magni
1245 1095 1335 1169 foret

189 1208 431 1296 instrumenti,
453 1207 573 1279 sinon
593 1219 628 1277 et
639 1203 843 1301 scriptionis
855 1220 1037 1279 auctorem
1056 1207 1333 1282 illustraremus.

193 1325 288 1424 Quis
303 1319 450 1422 genus?
471 1318 572 1393 unde
589 1316 728 1391 domo?
742 1319 836 1409 Non,
862 1320 994 1410 hercle,
1019 1346 1166 1399 romana
1189 1351 1290 1424 gens,
1306 1328 1336 1398 si

188 1438 338 1511 arbitrio
350 1437 487 1534 integro
504 1433 656 1523 utimur,
674 1457 746 1505 uon
765 1433 841 1508 latii
857 1440 1029 1533 penates(
1054 1438 1083 1534 ).

238 1553 327 1648 Quis
345 1561 441 1624 auro
457 1549 668 1623 ἅὶειίηοιαηι
699 1547 881 1638 citharam
909 1549 1103 1643 condonet,
1122 1579 1202 1652 quae
1224 1566 1337 1654 χρυσέα

190 1666 324 1766 φόρμιγξ
341 1666 440 1765 apud
458 1665 673 1739 Thebanum
695 1669 851 1761 μελοποιόν
871 1666 973 1740 audit
990 1667 1059 1766 (3),
1075 1685 1110 1743 et
1125 1695 1245 1745 aurea
1264 1691 1338 1745 ies·

190 1781 281 1855 tudo
295 1780 392 1881 apud
410 1781 596 1854 Horatium
608 1780 676 1878 (li),
696 1780 854 1878 legitimo
868 1782 1040 1856 vocabulo
1049 1785 1290 1882 perhibetur?

240 1897 337 1970 Num
349 1895 580 1998 Rhodopeius
595 1895 656 1968 ilie
670 1894 879 1968 admittetur
888 1895 1006 1988 heros,
1021 1900 1085 1996 qui
1102 1925 1173 1976 non
1188 1904 1340 1977 bellator

191 2028 256 2102 cst,
267 2037 339 2085 non
356 2010 575 2100 Heraclides,
586 2009 648 2084 sed
662 2026 758 2084 vates
776 2011 834 2084 rix
850 2011 938 2086 dum
952 2015 1145 2090 cunabulis
1160 2043 1338 2116 egressus,

190 2128 356 2225 Orpheus
386 2126 580 2200 admodum
603 2123 760 2220 juvenis,
782 2126 923 2200 indocto
951 2129 1073 2203 adhuc
1099 2155 1141 2205 ac
1170 2133 1253 2208 rudi
1285 2135 1341 2207 iu-

192 2239 329 2340 genio?

240 2359 355 2432 Nemo
369 2356 502 2456 digitos
516 2362 691 2430 micantes
702 2356 747 2430 de
761 2355 889 2430 fidium
902 2358 1062 2458 impulsu
1076 2387 1341 2463 nervorumque

194 2473 437 2572 increpatione
447 2472 649 2560 sustinebit,
668 2495 748 2568 quae
759 2473 866 2545 verba
882 2473 1035 2547 eximius
1047 2476 1216 2553 AEneidos
1231 2483 1344 2583 scrip·

230 2773 264 2841 (i)
283 2772 389 2836 Epirum
410 2781 523 2823 carmen
540 2773 565 2818 st
578 2765 675 2836 poesin
695 2768 791 2830 epicam
812 2769 943 2822 verissime
961 2771 1094 2837 distinguit
1112 2778 1211 2839 flexus,
1228 2781 1254 2830 iu
1269 2782 1340 2845 virg.

194 2863 247 2913 vit.
260 2872 400 2925 perennes
423 2859 529 2922 digesta,
547 2869 571 2907 a.
592 2856 625 2905 U.
642 2857 674 2906 0.
698 2855 760 2915 ¹155,
777 2870 804 2918 p.
819 2873 914 2916 ccxxv:
937 2860 1042 2912 assentit
1060 2864 1126 2927 Aug.
1148 2867 1292 2928 weicheri,
1311 2870 1343 2922 de

195 2952 224 3003 is
241 2945 500 3012 sustoniense

231 3037 265 3106 (i)
283 3035 448 3100 undeviginti
464 3035 510 3086 isos
526 3045 624 3092 sersus.
634 3046 685 3096 quo
706 3033 805 3096 planius
823 3046 899 3096 quem
911 3035 1019 3099 impoliti
1032 3040 1085 3090 sini
1100 3053 1131 3092 ao
1149 3043 1250 3095 serioris
1264 3047 1344 3099 etatis

192 3128 257 3179 istus
268 3127 401 3177 miserrimi
414 3127 542 3187 appareat,
558 3122 607 3172 nuc
618 3134 785 3185 apponemus,
802 3135 835 3173 nc
848 3120 927 3175 nimia
937 3128 1068 3178 succensio
1082 3143 1129 3180 nos
1143 3132 1169 3181 in
1187 3134 1341 3186 severiorem

195 3229 278 3266 rerum
293 3227 321 3265 ac
333 3214 468 3265 verborum
482 3209 694 3273 vituperationem
709 3210 845 3262 immisisse
859 3212 1002 3275 legentibus
1014 3215 1129 3269 videniur
1145 3232 1152 3268 ε

486 3384 574 3436 Argutis
583 3381 677 3435 primum
687 3393 736 3423 eum
745 3382 828 3434 plectro
836 3385 932 3434 perenm
940 3388 963 3427 si
971 3397 1026 3427 suro

487 3452 614 3494 mistretam
624 3451 700 3494 sumsit
709 3452 816 3494 etheum
825 3452 960 3506 Rhodopeius
968 3456 1038 3509 iseros,

489 3526 594 3567 itideisent
603 3535 678 3577 segnes
687 3524 769 3576 pulsus,
779 3524 902 3577 digitosque
909 3525 1013 3570 micantes

489 3596 562 3639 Serius
570 3599 593 3637 et
601 3596 687 3637 chordis
695 3594 789 3637 indocte
798 3595 884 3637 (thaone
892 3597 958 3638 vocis.

489 3665 539 3708 lex
548 3667 619 3718 pudor
629 3665 744 3716 exsrdens,
753 3665 852 3717 etgiode
859 3666 930 3708 dulcis
938 3667 1020 3710 nenati

489 3739 580 3780 imitus
588 3738 668 3780 evertit
680 3738 808 3789 puerilibus.
821 3736 895 3779 Omnis
903 3739 986 3780 etliiuc

491 3808 590 3850 l'srditus
597 3808 732 3859 incumbens,
742 3806 806 3849 tuse
815 3809 909 3860 petisses
918 3821 999 3862 amore,

490 3879 516 3920 lit
525 3890 585 3921 unns
595 3879 699 3921 maternis
707 3878 787 3930 inhiat,
799 3889 859 3920 nune
866 3879 904 3920 iile
912 3882 1008 3932 petsrnls

491 3949 601 3991 Gentibus.
614 3949 668 3991 ilinc
677 3949 738 3991 illinc
750 3949 834 3991 diesem
842 3950 949 4003 dependet
958 3951 1074 4004 utrinque.

491 4023 553 4064 iiuiis
562 4022 632 4066 Venus
640 4023 717 4064 ndens
725 4024 783 4076 cepit
789 4025 881 4067 menete
888 4025 969 4067 dolosis

490 4094 632 4146 Compedian
642 4094 727 4136 :muni
737 4094 809 4136 sums
817 4106 936 4148 percnum
944 4097 1014 4150 tyni,

493 4165 572 4216 Donec,
583 4164 689 4208 ridiculus
699 4166 791 4218 dudum,
800 4167 946 4209 modulamine
955 4169 1026 4221 siivas,

491 4236 621 4287 Evuieosqne
631 4236 675 4276 suis
683 4237 781 4287 scopulos
790 4236 899 4277 radicibus
907 4239 960 4289 egit.

491 4309 561 4349 Ausus
567 4311 590 4348 et
598 4305 630 4347 ire
637 4295 694 4347 riern
700 4306 822 4348 viventibus
828 4308 981 4360 inconcessum,

492 4378 604 4418 venerum
615 4375 694 4417 oblitos
703 4376 806 4418 demulsit
814 4378 908 4422 carmine
918 4377 996 4422 lenes.

491 4449 538 4489 Non
544 4447 597 4491 issia
605 4448 726 4498 muns,
733 4450 776 4489 etc.

239 4614 277 4686 (5)
297 4613 421 4667 cidini.
438 4611 535 4676 Pythis.
552 4630 570 4673 1,
589 4613 613 4660 i.

239 4702 273 4771 ti)
293 4705 332 4755 ci.
348 4705 393 4764 IV,
408 4705 496 4753 Horat.
509 4703 594 4752 cerm.
612 4719 639 4762 n,
658 4701 700 4751 17.
