3164 5214
622 833 827 907 CAPUT
860 838 940 908 lv.

574 1070 693 1113 cassws
713 1072 995 1116 nelonaatuaalcum

261 1612 335 1685 Nec
354 1612 435 1685 illos
456 1614 664 1703 audiamus,
683 1617 745 1713 qui
767 1615 932 1715 Orphea,
952 1641 1018 1714 pro
1040 1615 1196 1714 genuino
1213 1632 1247 1687 et
1270 1615 1363 1685 Cas-

213 1727 325 1817 siano,
345 1733 616 1827 epigrammatis
633 1730 853 1828 adscripsere
869 1732 937 1828 (l).
961 1733 1037 1803 Hoc
1055 1748 1170 1803 tamen
1189 1729 1360 1825 aequiore,

215 1841 247 1911 si
264 1842 398 1939 placet,
420 1844 539 1915 animo
557 1847 819 1944 acceperimus,
838 1870 947 1941 quam
975 1844 1067 1917 illud
1085 1845 1189 1916 modo
1210 1845 1365 1917 tulimus

215 1979 329 2050 quum
347 1956 481 2054 idylliis
502 1959 817 2034 adnumerabatur.
843 1962 923 2033 Nou
939 1960 1035 2032 enim
1051 1959 1164 2032 solam
1186 1957 1365 2031 mordacis

216 2071 351 2168 ingenii
367 2073 615 2168 acerbitatem,
637 2099 806 2171 acresque
827 2075 1027 2150 didacitatis
1046 2074 1207 2163 aculeos,
1227 2077 1268 2145 τὰ
1285 2102 1367 2143 σκω-

215 2192 328 2276 πτικοί,
344 2190 641 2287 epigrammatum
660 2192 803 2264 nomine
820 2191 1023 2288 significant
1039 2189 1261 2289 grammatici
1271 2218 1281 2278 3
1302 2188 1366 2259 sed

217 2304 400 2378 omnifarii
434 2307 573 2404 generis
606 2309 779 2407 opuscula
807 2333 880 2379 uno
912 2307 1164 2402 communique
1192 2304 1367 2376 vocabulo

218 2417 495 2513 conjunxerunt.
514 2422 602 2513 Sed,
620 2438 701 2496 utut
719 2446 795 2495 rem
808 2421 1026 2519 intelligunt,
1043 2421 1168 2493 missos
1184 2445 1243 2493 eos
1259 2419 1368 2491 lacia-

218 2555 324 2619 mus,
343 2558 456 2629 quum
476 2537 642 2631 spurium
659 2537 714 2608 vel
732 2538 1017 2635 Epigrammatt‘s
1035 2534 1138 2617 titulo
1156 2536 1202 2608 sit
1224 2557 1364 2632 poema.

219 2646 429 2721 Referemus
447 2675 547 2740 vero,
570 2652 739 2750 neglectis
756 2676 835 2749 quae
859 2649 1008 2722 conficta
1034 2666 1142 2739 sunt,
1170 2650 1264 2721 inter
1289 2649 1369 2745 epi-

219 2765 469 2859 grammaticos
495 2768 666 2864 peculiari
688 2769 833 2840 demum
856 2766 1094 2865 adpellatione
1117 2782 1151 2837 et
1174 2762 1367 2836 maledicos

222 2877 384 2953 homines
397 2882 558 2954 Cassium
576 2899 736 2956 nostrum
749 2885 990 2954 Parmensem.
1010 2879 1100 2953 Mira
1115 2879 1277 2977 quaedam
1290 2876 1369 2973 ejus

223 2991 303 3064 laus
329 2992 398 3066 luit
418 2995 608 3076 verborum
627 2995 748 3092 jocos,
769 3010 804 3067 et
825 2995 978 3067 ridicula
1000 3013 1233 3091 contorquere
1259 2994 1367 3067 diota.

222 3107 326 3199 Quod
344 3109 381 3179 in
399 3110 521 3207 aprico
538 3111 622 3202 erit,
649 3111 703 3183 vel
721 3112 751 3183 si
778 3134 893 3182 unum
910 3110 1106 3183 alterumve
1133 3136 1175 3182 ex
1199 3109 1369 3182 Horatia-

222 3224 279 3297 nis
303 3224 566 3322 interpretibus.
586 3225 863 3325 percontaberis.
895 3225 1043 3323 Legitur
1068 3223 1165 3323 apud
1191 3223 1369 3296 Acronem

225 3363 333 3438 super
350 3338 497 3411 Cassio:
520 3369 538 3406 α
559 3341 626 3415 Hic
652 3341 789 3438 aliquot
812 3340 1004 3439 generibus
1028 3340 1161 3436 stylum
1188 3336 1366 3427 exercuit3

224 3456 319 3528 inter
341 3480 421 3551 quae
444 3480 551 3553 opera
579 3456 733 3553 elegiaca
761 3475 795 3530 et
820 3457 1074 3555 epigrammata
1101 3453 1177 3549 ejus
1212 3452 1368 3524 laudan-

138 3669 141 3678 ·
224 3589 286 3644 tur
309 3573 376 3668 (2).
401 3602 419 3640 »
448 3572 522 3645 Nec
547 3573 721 3646 absimilis
744 3574 950 3647 scholiastes
973 3573 1231 3670 Cruquianus:
1256 3597 1273 3639 «
1301 3570 1369 3641 llic

226 3686 363 3784 aliquot
380 3688 571 3786 generibus
593 3689 724 3786 stylum
744 3689 924 3779 exercuit,
944 3689 1036 3761 inter
1050 3712 1130 3784 quae
1153 3710 1260 3787 opera
1279 3685 1370 3783 elegi

225 3819 259 3876 et
277 3803 532 3900 epigrammata
547 3802 739 3877 laudantur
754 3804 822 3901 (3).
845 3835 863 3874 n
883 3806 936 3875 De
951 3803 1058 3900 elegis
1073 3801 1177 3874 modo
1195 3817 1274 3900 post
1293 3799 1372 3872 dis-

226 3943 400 3992 seremus.
420 3919 522 4014 Quod
541 3920 586 3993 ad
609 3921 722 3993 Cassii
739 3921 994 4018 epigrammata
1016 3943 1114 3990 nunc
1131 3918 1277 4007 adtinet,
1298 3940 1372 3989 ma·

227 4035 398 4108 nisestum
418 4052 491 4125 est,
515 4063 557 4109 ex
578 4037 716 4110 Horatii
733 4035 979 4109 vetustissimis
1002 4033 1311 4131 explanatoribus,
1338 4047 1373 4104 et

230 4148 340 4224 luisse
362 4151 437 4241 illo,
458 4169 493 4226 et
508 4151 659 4225 summis
671 4177 754 4224 cum
774 4149 1037 4224 laudationibus
1057 4147 1153 4246 apud
1170 4147 1297 4220 latinos
1311 4148 1372 4218 in-

267 4374 303 4439 (t)
321 4378 563 4442 circummurana.
584 4383 662 4428 veter.
681 4396 717 4440 ιν,
734 4391 761 4441 p.
782 4373 851 4433 ¹563
868 4376 1012 4438 Burmann,
1029 4374 1110 4425 Antb.
1129 4371 1172 4423 lat.
1188 4370 1234 4421 lib.
1250 4387 1269 4432 ι,
1285 4366 1373 4437 epigr.

232 4467 298 4531 155;
310 4469 344 4516 Η.
358 4469 453 4530 Meyer,
468 4467 574 4518 anthol.
588 4472 639 4517 vet.
651 4467 696 4518 lat.
712 4467 792 4529 epigr.
806 4470 830 4515 et
845 4467 953 4526 poemat.
965 4469 982 4512 t.
994 4481 1013 4522 1,
1027 4463 1058 4514 n⁰
1069 4461 1129 4510 lla.

266 4555 301 4621 (2)
320 4557 415 4618 Acron,
425 4557 549 4608 infloret.
563 4559 585 4616 l,
602 4550 689 4624 Epist.
704 4574 740 4616 ιν,
754 4558 781 4606 3.

268 4645 303 4716 (5)
322 4646 406 4696 schol.
418 4647 495 4707 cruq.
512 4647 538 4694 ln
553 4647 641 4696 Horat.
655 4639 721 4696 ibid.
739 4657 765 4706 p.
779 4643 840 4693 527.
