3164 5214
706 312 881 375 ..47-

216 459 346 532 trinam
366 458 480 554 ipsam
511 470 545 528 et
573 454 818 551 exemplorum
845 443 994 524 nomina
1014 469 1049 527 et
1071 480 1180 554 opera
1208 459 1364 533 indicata

216 573 432 647 exhausisse.
451 570 588 643 Fecerit
605 594 686 665 quae
700 568 783 641 iecit
799 565 964 639 ἀδέσποτον
983 567 1029 640 de
1046 571 1240 667 generibus
1254 581 1366 648 nomi}

215 715 306 761 irum
322 687 560 760 Glossarium.

263 802 372 874 Nulla
389 817 441 873 est
457 823 565 871 causa
583 822 649 870 cur
668 822 739 869 non
767 799 828 870 ille
850 800 1007 871 incertus
1023 818 1057 874 et
1077 804 1286 900 nuperrime
1303 829 1365 877 re-

215 918 306 1016 perti
341 916 426 987 libri
454 929 578 986 auctor
606 939 625 985 e
654 913 763 1010 Capri
786 915 839 984 vel
872 940 891 984 e
921 914 1026 986 Probi
1064 916 1202 989 laciniis
1225 935 1365 1016 partem

215 1033 332 1130 operis
355 1031 454 1103 baud
480 1027 694 1101 mediocrem
719 1029 911 1101 coniecerit
937 1029 1004 1126 (1).
1032 1030 1261 1105 Coudonetur
1288 1034 1365 1108 haec

216 1148 340 1220 mediae
381 1147 492 1219 etatis
524 1144 732 1216 bominibus
763 1143 877 1231 venia,
912 1170 1038 1218 eorum
1073 1147 1137 1242 qui
1177 1149 1367 1222 anteierint

215 1263 530 1359 grammaticorum
557 1284 598 1332 ae
629 1259 814 1332 rhetorum
843 1260 1000 1348 libellos,
1035 1261 1072 1333 in
1101 1263 1234 1334 scholis
1261 1265 1366 1338 modo

216 1402 357 1451 summa
387 1375 582 1450 constantia
613 1375 943 1473 repraesentavisse,
978 1376 1082 1449 ruodo
1110 1380 1364 1468 coarctavisse,

217 1495 321 1566 modo
346 1493 500 1565 nimium
524 1492 664 1564 auxisse
691 1516 732 1563 ac
751 1490 930 1563 ditavisse.
962 1491 1042 1564 Non
1078 1517 1218 1590 semper
1247 1508 1367 1567 tamen

216 1625 280 1681 aut
298 1608 505 1707 ignorantiae
530 1622 591 1679 aut
617 1606 792 1680 mendacii
817 1625 1038 1704 arguantur;
1072 1633 1187 1704 neque
1217 1610 1367 1682 illorum

218 1723 417 1797 testimonio
448 1722 617 1795 fiduciam
651 1723 796 1794 omnino
833 1722 999 1821 abneges.
1044 1724 1307 1818 Quamaobrem
1336 1726 1367 1798 si

216 1857 382 1935 quartam
399 1838 573 1938 Apuleius
587 1839 700 1910 Cassii
718 1838 926 1936 tragoediam
943 1840 1127 1937 indigitat,
1146 1867 1218 1914 non
1233 1843 1368 1915 idcirco

217 1953 394 2026 citationis
416 1955 661 2027 auctoritatem
692 1979 839 2051 respuas
865 1981 908 2026 ae
933 1955 1076 2027 numeri
1105 1957 1182 2030 loco
1217 1958 1367 2030 drama-

219 2069 294 2141 ticae
311 2093 470 2166 personae
481 2094 610 2141 nomen
629 2070 725 2140 ultro
738 2069 899 2167 effingas.
911 2070 1060 2143 Fuerint
1071 2072 1184 2144 Cassii
1197 2088 1365 2169 quatuor,

217 2183 365 2281 nequid
382 2185 507 2272 nimis,
523 2184 713 2282 tragoediae.
736 2184 813 2257 Non
837 2187 873 2256 lo
888 2186 1005 2258 statim
1020 2212 1109 2259 nova
1134 2203 1169 2261 et
1186 2188 1368 2286 inexspec-

218 2314 287 2372 tata
305 2301 486 2373 exoriatur
505 2301 541 2370 in
560 2301 726 2398 pulpitis.

218 2516 315 2582 §nu
338 2516 568 2568 cassianum
587 2516 864 2580 fragmentum,
889 2519 1052 2572 incertae
1077 2519 1195 2583 sedis,
1228 2521 1311 2586 aut,
1332 2520 1368 2571 ιι

626 2605 688 2657 tus
706 2608 776 2668 ent,
799 2608 965 2660 nuliius.

270 2801 401 2895 begere
420 2812 473 2868 est
488 2797 525 2866 in
546 2795 697 2892 vulgatis
710 2797 883 2871 Varronis
902 2798 1119 2871 editionibus
1134 2799 1340 2897 (bipontina
1354 2857 1365 2890 ,

219 2940 257 3012 p.
273 2913 359 3008 85):
373 2939 391 2978 u
411 2911 519 3005 Quasi
534 2911 803 3007 Hellespontum
821 2928 856 2985 et
873 2914 1039 2985 claustra.
1061 2943 1079 2982 n
1096 2912 1287 3009 Conjecere
1304 2917 1368 2989 alii

219 3028 311 3112 alia,
336 3052 401 3124 pro
415 3051 500 3098 voce
520 3030 643 3124 quasi,
664 3026 720 3098 vel
742 3028 894 3099 Cassius
913 3029 985 3125 (2),
1009 3029 1064 3102 vel
1087 3030 1127 3100 C.
1144 3030 1271 3102 Attius
1289 3030 1343 3128 (3)
1354 3061 1365 3121 3

218 3144 280 3237 qui
299 3143 501 3240 priscorum
524 3140 757 3230 tenacissimi,
780 3143 935 3214 auctoris
953 3161 1070 3217 tamen
1095 3144 1205 3217 latere
1217 3144 1278 3215 bic
1297 3167 1365 3214 no-

218 3283 298 3329 men
328 3273 546 3328 censuerunt
575 3257 643 3353 (li).
675 3256 815 3330 Otiried
842 3258 994 3331 Mueller
1011 3259 1063 3356 (5)
1090 3274 1124 3331 et
1153 3258 1365 3356 nuperrime

218 3372 312 3469 Aug.
328 3371 516 3444 Weicbert
530 3371 602 3469 (6),
618 3372 846 3461 audaciores,
862 3373 912 3445 sic
933 3374 1051 3447 locum
1066 3374 1283 3447 informant:

269 3517 287 3555 u
309 3488 450 3561 Cassii:

520 3693 742 3769 Hellespontum
755 3699 785 3752 et
795 3694 934 3753 claustra.

256 3920 293 3985 (1)
315 3919 391 3970 cisni.
407 3917 607 3969 recentissimam
629 3922 655 3968 ei
668 3917 892 3969 absolutissimam.
916 3919 950 3970 V.
966 3918 1006 3970 cl.
1020 3924 1045 3969 et
1065 3919 1098 3971 D.
1113 3921 1156 3971 J.·
1171 3921 1239 3973 Viet.
1256 3921 1367 3982 beclem,
1456 3907 1460 3915 ’

217 4008 472 4066 commentationem,
485 4007 512 4056 in
526 4007 759 4069 appendecaut.
768 4019 855 4069 gener.
865 4006 982 4058 biblioth.
993 4009 1089 4071 public.
1102 4014 1122 4061 t.
1131 4028 1150 4072 r,
1163 4009 1234 4073 prei.
1247 4004 1369 4062 Gloriari!

218 4091 251 4147 ds
263 4091 409 4164 posteribus
422 4092 578 4147 staminum.

254 4180 294 4254 (2)
307 4185 417 4247 scioppii
433 4184 506 4234 lectio
521 4189 569 4237 est.

255 4269 293 4337 (5)
305 4274 346 4323 sic
353 4275 384 4324 F.
393 4273 509 4325 Ursinus.
519 4272 592 4333 Quod
601 4272 679 4336 accipi
687 4273 757 4325 nullo
763 4273 838 4324 modo
846 4278 938 4338 potest,
947 4286 1026 4338 quum
1033 4274 1103 4326 Attio
1112 4270 1212 4326 Lucius
1218 4273 1294 4326 inerit
1301 4287 1369 4337 pra-

219 4374 326 4413 nomen.

254 4445 294 4518 (1)
308 4450 429 4513 Spengel,
444 4450 471 4499 in
484 4452 594 4503 Varron.
607 4469 654 4515 vn,
670 4464 697 4514 p.
709 4449 772 4502 507.

254 4534 292 4606 (5)
307 4541 337 4588 ln
352 4541 460 4589 verton.
477 4557 520 4603 vu,
537 4539 549 4604 ξ
564 4539 608 4602 it,
623 4554 648 4603 p.
666 4541 727 4592 tat.

251 4628 290 4694 (6)
303 4631 370 4692 Aug.
383 4630 524 4695 weicheri,
539 4631 571 4681 de
585 4632 656 4681 cass.
669 4632 865 4695 Pompili.
