3164 5214
701 353 876 418 „ag-

314 495 408 570 impia
421 494 492 552 dum
507 493 610 553 Phoebi
624 493 720 553 Caesar
733 494 888 553 mendacia
899 493 992 562 ludit,

352 591 431 650 Dum
444 608 523 650 nova
535 591 672 650 divorum
685 597 782 650 coenat
795 590 939 650 adulteria
953 608 961 648 z

313 690 420 749 Omnia
431 705 463 747 se
475 705 494 746 a
505 690 590 748 terris
602 694 674 747 tunc
688 692 810 748 numina
821 690 1026 757 declinarunt3

332 786 421 862 Fugit
433 791 463 843 et
474 793 593 845 auratos
606 787 722 862 Jupiter
733 789 795 862 ipse
808 794 888 845 toros
904 784 958 862 (t).

764 1010 805 1067 ll.

314 1267 400 1325 Pater
416 1268 615 1344 argentarius,
629 1283 683 1343 ego
698 1267 909 1327 Corinthiarius
921 1265 971 1346 (a).

758 1492 816 1551 ΙΙΙ.

315 1712 474 1789 Postquam
486 1713 532 1772 bis
545 1714 637 1772 classe
651 1715 746 1771 vietus
760 1729 849 1771 naves
862 1712 1005 1787 perdidit,

313 1809 481 1885 Aliquando
492 1816 526 1869 ut
539 1812 657 1881 vincat,
673 1810 748 1870 ludit
759 1810 875 1869 assidue
887 1811 981 1868 aleam
998 1809 1049 1887 (33.

213 2039 376 2133 Quorum
399 2063 568 2111 versuum
592 2064 708 2135 neque
733 2064 857 2111 sensus
881 2063 1003 2111 omnes
1029 2063 1144 2134 neque
1162 2039 1268 2109 verba
1285 2039 1358 2110 sin·

201 2155 297 2252 ,gula
317 2158 476 2225 variasve
503 2154 765 2226 emendationes
798 2154 898 2226 lubet
936 2152 1146 2252 expendere.
1174 2153 1226 2224 Ea
1256 2153 1358 2224 modo

186 2326 189 2335 ,
213 2268 457 2356 attendamus,
476 2268 609 2365 quibus
633 2267 824 2354 inductus,
844 2269 1006 2364 quamvis
1024 2273 1164 2365 ἀνώνυμα
1185 2269 1256 2340 sint
1282 2292 1359 2338 car-

214 2383 330 2470 mina,
352 2383 474 2455 Cassio
500 2399 618 2456 tamen
632 2385 815 2456 Parmensi
836 2383 909 2455 lere
922 2383 1042 2455 omnia
1061 2383 1249 2455 Weiehert
1262 2385 1358 2453 irro-

211 2499 361 2594 gaverit.
381 2500 456 2568 Hoc
470 2523 586 2569 unum
603 2497 748 2594 quidem
762 2499 917 2596 exposcit
929 2513 970 2569 ut
987 2496 1233 2594 probabilibus
1247 2498 1359 2569 ratio-

212 2611 319 2684 nibus
333 2612 591 2683 demonstrasse
600 2612 762 2687 videatur
777 2612 932 2710 potuisse
942 2637 961 2683 a
973 2613 1094 2683 Cassio
1109 2613 1173 2683 ista
1186 2612 1357 2710 poematia

211 2727 332 2824 effingi
346 2727 410 2824 (lt).
423 2727 496 2799 Nos
512 2753 595 2800 vero
611 2727 649 2799 in
668 2729 857 2801 adversum
875 2727 1113 2814 connitemur‚
1131 2742 1172 2798 ut
1185 2726 1359 2799 dubitatio

212 2868 251 2915 ea
273 2842 373 2916 dere
391 2867 502 2940 quam
521 2844 673 2916 maxima
691 2845 885 2942 legentium
909 2842 1037 2916 animis
1051 2843 1248 2915 oboriatur.

260 2961 423 3032 Primum
446 2959 663 3058 poematium
687 2977 833 3058 propter
850 2985 987 3033 coenam
1003 2959 1103 3040 illam
1123 2959 1357 3032 Octavianum

213 3076 378 3172 exagitat,
397 3075 434 3146 in
447 3099 518 3170 qua
536 3075 699 3146 convivas
716 3074 865 3147 deorum
881 3074 1080 3146 acdeorum
1095 3073 1196 3146 vultu
1215 3073 1358 3144 hobitu-

213 3213 296 3284 que,
312 3190 415 3286 quasi
429 3190 588 3263 terrestri
602 3191 757 3286 quodam
778 3191 944 3287 Olympo,
960 3189 1168 3264 recumbere
1182 3187 1355 3284 jusserat,

213 3304 342 3400 Apollo
360 3307 436 3404 ipse
455 3307 583 3380 lactus.
609 3307 770 3380 Mensam
793 3303 977 3378 bolembeca
999 3306 1111 3378 irrisit
1137 3306 1174 3375 in
1199 3304 1357 3403 epistolis

213 3417 421 3520 Antonius(
448 3424 475 3520 ).
1228 3442 1230 3451 ⁸

250 3695 287 3761 (l)
308 3700 414 3749 Sueten.
430 3697 500 3768 Aup.
517 3720 577 3752 axx.

249 3788 283 3853 (i)
302 3791 341 3839 ld.
354 3786 424 3841 ibid.

251 3875 289 3942 (5)
308 3880 346 3928 ld.
358 3873 425 3930 ibid.

249 3963 288 4032 (i)
306 3967 446 4030 Weicbert,
464 3982 489 4029 p.
503 3967 660 4019 wie-Neu
673 3982 804 4031 possamus
818 3982 870 4018 non
881 3968 955 4034 ‚lateri
967 3981 1023 4030 qua
1034 3968 1108 4017 nobis
1120 3967 1252 4017 admiratio
1265 3966 1359 4024 inerit,

213 4059 246 4107 l'.
256 4059 288 4106 D.
305 4057 544 4107 commentationem
559 4059 710 4121 legentibus,
724 4059 790 4121 quod
802 4063 871 4109 tanta
880 4059 973 4120 ubique
987 4058 1111 4108 modestia
1124 4058 1258 4106 dissereret
1272 4056 1359 4106 elaris·

215 4148 294 4196 simus
306 4147 458 4205 criticorum,
476 4148 621 4197 nterebrius
632 4149 816 4198 humanitatem
830 4148 883 4208 eius
895 4152 920 4197 et
934 4149 1073 4197 doctrinam
1084 4149 1154 4209 juxta
1164 4146 1358 4206 suspiceremus.

214 4240 270 4287 Jam
282 4235 341 4284 inde
353 4236 379 4284 in
391 4236 536 4297 prelatione
547 4237 600 4286 ltaec
613 4238 726 4288 ediderat
741 4253 748 4287 ε
765 4257 777 4282 ι
791 4240 821 4286 la
834 4237 909 4286 rebus
923 4242 974 4286 tom
984 4232 1094 4298 antiquis
1107 4241 1132 4285 et
1142 4234 1253 4284 obscuris
1267 4234 1360 4294 proba-

216 4328 276 4378 bilia
287 4334 385 4379 sccutus
398 4344 464 4389 sum,
473 4336 498 4380 et
507 4331 537 4390 si,
548 4343 603 4392 oua
615 4327 706 4377 similia
716 4328 768 4378 veri
782 4329 842 4387 sint,
853 4341 897 4390 pro
908 4327 973 4377 veris
981 4327 1143 4388 accipiantur,
1153 4327 1211 4376 satis
1222 4328 1331 4378 habebo.
1346 4349 1357 4371 ·

213 4419 244 4468 P.
261 4437 297 4467 tx.
313 4419 353 4468 Ci.
370 4421 445 4469 etiarn
459 4433 515 4482 quas
525 4420 615 4469 dixerit
626 4430 701 4478 super
712 4417 860 4480 scholiastis,
877 4418 902 4466 in
916 4418 1085 4467 commentat.
1102 4416 1134 4466 de
1146 4419 1174 4466 L.
1189 4418 1275 4478 Vario,
1290 4433 1316 4478 p.
1331 4416 1358 4467 6.

214 4508 276 4555 Tam
289 4507 395 4558 candide
406 4508 474 4570 loqui
484 4509 536 4569 jam
549 4507 691 4557 didicerunt
702 4486 829 4556 homines.

253 4595 285 4656 (5)
298 4597 408 4647 Nomina
422 4597 497 4646 etiem
512 4598 673 4646 conuiuarum
686 4578 777 4658 magua
790 4595 934 4657 explosiene
948 4595 1113 4645 enumerarit.
1125 4594 1164 4645 Gi.
1178 4595 1284 4644 Sueten.
1301 4596 1359 4644 cre·

217 4684 295 4733 dibile
305 4689 343 4735 est
357 4699 408 4737 non
424 4690 571 4737 restantem
584 4699 639 4747 qua
652 4685 795 4735 convivium
806 4684 987 4747 deformavere,
1000 4683 1043 4734 scd
1054 4697 1188 4736 numerum
1203 4685 1278 4734 eiiam
1293 4695 1359 4732 com·
