3164 5214
669 365 846 427 ...51-

228 525 365 599 Verum
383 524 478 595 enim
498 545 580 592 vero
597 521 737 618 egregio
752 520 930 618 etoptimo
948 517 1130 615 philologo
1148 544 1218 590 non
1241 520 1325 592 satis

175 639 250 735 jam
269 654 320 711 est
340 639 371 708 si
393 652 474 710 aute
486 637 672 708 Actiacum
696 637 830 708 bellum
849 635 1102 733 epigrammata
1117 635 1189 706 siut
1208 635 1269 705 illa
1287 636 1325 704 in

179 755 411 826 tlctavianum
431 753 577 824 intorta.
599 752 693 845 Quin
719 752 804 840 imo,
827 751 928 849 prius
953 775 1097 823 carmen
1115 767 1196 822 ante
1214 752 1259 822 U.
1281 752 1322 821 C.

179 896 349 958 nccxvru,
374 895 413 941 ex
446 868 599 964 Augusti
622 868 810 940 Weichert
832 869 1024 957 sententia,
1056 869 1094 940 in
1118 892 1326 939 mucronem

179 987 364 1058 ardescere
381 1009 451 1056 non
466 984 582 1081 potuit
598 982 662 1079 (l).
678 982 780 1077 Quod
794 1008 864 1054 uon
883 983 1008 1078 liquet.
1025 983 1172 1055 Coenam
1189 979 1327 1053 δωδεκά-

180 1108 242 1171 leot
266 1101 413 1172 dubiam
434 1117 467 1171 et
493 1117 753 1170 controversam
780 1123 854 1170 esse
880 1122 955 1193 quo
980 1115 1137 1194 tempore
1162 1097 1328 1170 inciderit

180 1234 286 1314 atque
310 1217 510 1313 Apollinari
536 1216 725 1287 triumviro
744 1215 929 1286 infamiam
952 1213 1125 1310 injecerit,
1148 1241 1189 1286 ex
1214 1215 1330 1310 ipsius

181 1332 367 1405 Weichert
380 1332 600 1404 consessione
612 1331 825 1428 colligimus.
846 1331 970 1427 Neque
983 1356 1056 1403 sute
1067 1330 1328 1402 adminiculum

181 1445 280 1517 aliud
299 1446 457 1542 opinioni
476 1447 666 1534 substruit,
690 1447 926 1543 praeterquod
944 1446 1192 1528 Octavianum,
1209 1445 1255 1516 ob
1277 1445 1328 1515 ti·

181 1561 319 1632 midum
337 1561 627 1657 suspicacemque
644 1563 820 1650 animum,
835 1563 979 1633 ineunte
993 1561 1235 1646 triumviratu,
1256 1585 1328 1631 coe-

182 1699 264 1747 nam
280 1677 385 1748 talem
400 1677 600 1774 excogitare
613 1702 682 1748 uon
701 1677 858 1773 potuisse
877 1693 1064 1765 asseverat,
1080 1702 1125 1748 ne
1144 1675 1328 1746 famelicus
1420 1755 1423 1761 ⁴

182 1793 336 1889 populus
352 1793 523 1864 seditione
535 1793 689 1880 saeviret3
712 1791 827 1864 lacere
845 1809 963 1864 autem
981 1792 1109 1890 potuit,
1129 1816 1243 1888 quum
1265 1790 1329 1861 de-

183 1908 275 1978 victo
299 1906 443 1978 demum
471 1908 573 1977 Sexto
593 1907 771 2003 Pompeio,
797 1907 1021 2003 relegatoque
1044 1906 1191 2002 Lepido,
1220 1904 1329 1976 rebus

178 2021 254 2115 jam
287 2019 494 2115 majoribus,
527 2021 748 2118 imperioque
773 2021 931 2117 longiore
957 2020 1131 2093 subnixus
1163 2045 1330 2116 exsurgo-

182 2152 236 2207 ret
253 2138 318 2232 (2).
345 2139 426 2208 Haec
445 2151 596 2222 tanturn,
621 2135 659 2205 ui
687 2135 862 2224 fallimur,
883 2152 923 2207 ut
943 2137 1161 2232 poematium
1184 2135 1329 2205 Antonii

183 2252 339 2348 epistolis
369 2251 477 2323 luisse
511 2268 717 2324 coetaneum
745 2252 884 2323 evincat
909 2249 1004 2348 Aug.
1034 2251 1234 2322 Weichert.
1262 2251 1329 2322 Sed

183 2367 287 2437 aliter
312 2367 468 2439 evenisse
495 2366 767 2438 crediderimus.
803 2368 950 2438 Coenam
979 2366 1164 2452 famosam,
1192 2367 1235 2437 de
1259 2392 1328 2462 qua

184 2481 386 2571 suetonius,
406 2482 656 2555 instauravisse
671 2497 773 2554 antea
783 2481 1018 2554 Octavianum
1036 2506 1142 2553 causa
1161 2483 1262 2554 trulla
1279 2497 1331 2554 est

182 2620 249 2666 cur
270 2613 432 2693 negetur.
452 2597 676 2669 Cautissimis
700 2597 807 2669 etiam
825 2596 910 2668 viris
930 2597 1123 2692 aliquando
1140 2596 1269 2668 excidit
1298 2615 1332 2669 et

185 2709 300 2783 luturi
324 2711 494 2783 divinatio
520 2727 553 2783 et
581 2713 725 2783 utilium
751 2737 875 2783 rerum
906 2713 1101 2809 sagacitas3
1135 2713 1331 2809 praesertim

184 2842 302 2898 autem
333 2827 427 2898 sica
457 2851 537 2922 quae
566 2826 688 2898 iecisse
715 2841 919 2923 arguuntur
948 2843 981 2898 et
1009 2827 1169 2898 moribus
1199 2827 1330 2922 quibus

184 2940 370 3012 innotuere
394 2958 627 3013 consentanea
653 2958 759 3028 sunt,
789 2957 823 3014 et
850 2942 894 3012 ad
922 2940 1086 3013 libidines
1109 2943 1331 3039 proclivioris

185 3054 318 3152 ingenii
338 3055 541 3128 facilitatem
560 3057 775 3154 significant.
797 3057 961 3128 Nolimus
980 3058 1098 3128 omnia
1119 3058 1189 3130 huc
1204 3057 1331 3130 afferre

184 3194 264 3265 quae
282 3171 376 3267 apud
395 3173 605 3244 Suetonium
625 3173 781 3270 plurima
800 3190 1017 3262 occurrunt,
1039 3191 1073 3244 et
1092 3174 1146 3244 vel
1166 3175 1331 3245 manibus

185 3285 332 3381 paginas
346 3285 584 3357 evolventium
598 3288 719 3358 oculos
734 3288 1008 3384 praestrioguut,
1031 3286 1157 3358 auditu
1178 3288 1283 3359 etiam
1299 3303 1332 3359 et

186 3400 388 3472 narratione
403 3400 716 3498 loedissimal3).A
730 3403 832 3474 nullo
851 3426 971 3474 amore
986 3403 1209 3498 temperavit,
1224 3404 1333 3474 nulli-

187 3539 257 3610 que
276 3516 514 3589 comissationi
539 3517 718 3614 pepercit,
746 3517 855 3591 homo
879 3518 1193 3589 libidinosissimus
1214 3520 1332 3591 Caesar

187 3631 414 3703 Octavianus.
435 3633 553 3705 Potuit
572 3633 694 3730 igitur,
721 3634 776 3706 vel
793 3634 919 3731 primis
938 3633 1185 3705 triumviratus
1205 3634 1328 3723 anuis,

188 3763 222 3818 et
240 3747 422 3838 conviviis,
443 3764 485 3820 ut
503 3749 641 3839 ceteris,
663 3748 867 3846 indulgere;
888 3773 929 3820 ac
948 3749 1029 3820 licet
1046 3750 1158 3821 multa
1178 3751 1245 3821 sibi
1264 3750 1332 3821 ad-

188 3860 282 3952 huc,
307 3862 498 3935 adrerum
527 3865 710 3962 fastigium
737 3867 934 3962 grassanti,
962 3865 1137 3937 obstantia
1166 3866 1330 3959 sentiret,

187 4001 260 4049 non
279 3980 454 4075 populum
473 3980 572 4068 adeo,
591 3980 684 4052 lame
697 3981 929 4070 laborantem,
945 3980 1155 4077 respiciebat
1171 3998 1212 4054 ut
1228 3982 1334 4054 soda-

189 4091 264 4164 litio
279 4117 343 4164 suo
356 4095 411 4166 vel
430 4095 619 4191 epularum
639 4096 829 4185 lautitiam,
851 4097 905 4167 vel
923 4098 1015 4167 inter
1028 4096 1247 4191 epulandum
1267 4099 1333 4169 mi·

189 4231 267 4279 ram
293 4210 514 4306 opulentiam
542 4211 769 4309 scenicosque
798 4228 990 4310 apparatus
1016 4210 1202 4283 invideret.
1227 4215 1332 4284 lnca-

189 4322 352 4396 lesceutis
383 4326 576 4422 plebecula
607 4326 807 4424 imperitam
841 4327 1095 4399 turbulentiam
1132 4328 1332 4425 primorum

225 4530 261 4596 (u
281 4532 320 4582 n.
337 4547 362 4595 p.
379 4532 440 4583 aas.

225 4617 261 4689 (a)
280 4622 318 4672 ra.
336 4617 401 4674 itta.

225 4712 258 4776 (5)
277 4710 580 4779 Suetou.alup.cxv111,
599 4730 672 4775 cxix,
689 4727 763 4776 exx1;
780 4713 819 4766 Cf.
835 4715 911 4766 Dion.
925 4717 995 4767 cass.
1012 4735 1059 4778 nv,
1078 4715 1119 4765 19.
