3164 5214
794 303 969 367 -13-

305 447 476 544 aequalem
496 445 725 518 referendum
743 470 817 518 esse
836 471 993 534 carmen,
1015 466 1219 519 nontamen
1243 447 1321 520 ideo
1344 448 1464 521 seho-

308 562 420 636 lastici
439 577 548 659 pnetae
567 576 629 633 aut.
646 561 754 633 elletae
774 562 919 634 omnino
940 563 1051 635 aetatis
1067 587 1142 635 esse
1163 581 1459 637 monumentum.

305 677 437 772 'Quidni
468 690 503 750 et
533 679 679 749 Lucano
710 675 964 773 adsignemus?
990 677 1187 776 Scripserat
1221 693 1256 751 et
1284 680 1462 754 Lucanus

255 796 256 800 ’
309 791 466 892 Orphea,
486 789 582 887 quod
596 817 638 862 ex
656 792 788 888 Papirii
805 791 925 890 Sylvis
938 792 1118 888 quondam
1135 794 1228 865 eruit
1245 793 1342 866 mirae
1370 820 1462 892 per-

303 902 496 1004 spicientiae·
511 904 694 1002 indagator
708 909 738 999 (l
748 909 775 1000 ).
786 907 951 978 Protinus
962 933 1004 979 er:
1018 906 1164 1002 obliquo
1178 925 1353 1005 rumpunt
1364 933 1460 1006 pro-

303 1024 458 1120 positum
468 1039 501 1094 et
510 1022 570 1092 illa
583 1046 661 1115 quae
671 1019 774 1092 modo
787 1021 831 1093 de
846 1022 957 1094 Persii
966 1023 1186 1095 carminibus
1201 1024 1309 1095 relata
1318 1039 1406 1096 sunt
1419 1024 1461 1096 in
1517 1108 1521 1114 ι

307 1137 451 1236 Orphea
464 1136 731 1208 Pseudo-Cassii
748 1162 812 1235 per
825 1138 1057 1210 imitationem
1081 1139 1227 1210 intrusis
1240 1139 1308 1232 (2).
1325 1138 1461 1212 Obstat

303 1253 408 1325 eiiam
431 1251 545 1324 vivida
570 1267 604 1323 et
630 1251 742 1323 libera
767 1254 903 1324 anani
928 1253 1077 1325 audacia
1102 1269 1136 1326 et
1159 1254 1360 1352 promptius
1388 1279 1471 1326 nec·

302 1360 511 1438 indecorum
536 1367 733 1464 ingenium.
755 1366 967 1462 Quanquam
991 1369 1086 1439 enim
1112 1393 1152 1439 eo
1175 1385 1259 1440 tunc
1291 1367 1460 1440 adduce-

302 1482 434 1555 bantur
448 1483 564 1555 latinae
577 1482 701 1553 litterae
715 1496 753 1552 ut
762 1505 915 1579 praeceps
927 1499 1117 1579 agerentur
1126 1539 1135 1572 ,
1148 1509 1219 1554 non
1235 1500 1351 1555 tamen
1363 1484 1459 1558 adeo

300 1599 437 1670 steriles
454 1622 494 1669 ac
512 1595 666 1669 evanidoe
686 1595 889 1686 sordebant,
907 1614 1034 1670 utnon
1055 1616 1088 1671 et
1106 1600 1194 1671 mira
1215 1618 1248 1672 et
1266 1600 1453 1698 prreeipna

299 1712 461 1809 qnaedam
476 1711 757 1811 pulchritudinis
773 1713 905 1808 speeies
925 1714 1180 1785 informaretur
1197 1739 1216 1786 a
1239 1716 1348 1811 poetis
1358 1745 1369 1802 ;
1392 1717 1453 1787 in-

299 1848 353 1903 ter
368 1854 457 1924 qnos
478 1829 534 1899 vel
556 1827 690 1924 primas
714 1844 806 1899 tenet
827 1828 950 1901 infelix
973 1847 1005 1901 et
1023 1831 1112 1901 intra
1133 1831 1359 1901 trecesimurn
1377 1856 1454 1902 an-

299 1969 386 2014 num
396 1945 765 2040 camaenispraereptns
777 1947 955 2032 Lucanus,
966 1969 1045 2041 spes
1054 1945 1161 2018 Urbis
1168 1943 1404 2038 jamsenieris
1414 1965 1451 2020 et

299 2060 515 2131 canescentis
532 2060 656 2146 altera,
674 2059 787 2130 necin
804 2076 939 2131 tantum
955 2059 1132 2154 dejectus,
1150 2078 1189 2131 ut
1205 2060 1279 2157 ipse
1293 2063 1458 2134 versicu-

298 2175 514 2270 lornmquos
531 2175 776 2246 enarravimus
795 2175 931 2246 crimen
946 2176 1156 2263 incurreret,
1178 2174 1394 2271 frigidorum
1416 2197 1453 2252 et

304 2291 577 2387 plumbeorum!
1230 2378 1233 2384 ,

348 2405 414 2476 Sed
432 2431 474 2476 ex
491 2406 576 2502 ipsis
591 2405 722 2503 Papirii
738 2405 898 2476 versibus
914 2406 1125 2478 exoriuntur
1138 2408 1281 2477 Lucano
1300 2431 1318 2476 a
1343 2431 1452 2482 rmen

302 2519 501 2616 abnegandi
514 2543 627 2590 cansae
641 2519 834 2590 nonnullae.
848 2520 927 2590 Non
938 2520 1032 2590 enim
1047 2523 1202 2616 utrique,
1217 2522 1253 2591 ni
1267 2520 1449 2606 fallimur,

300 2634 451 2729 poemati
470 2649 504 2705 et
523 2635 659 2706 Lucani
685 2651 719 2706 et
738 2632 1004 2706 Pseudo-Cassii
1021 2635 1165 2708 suberat
1182 2636 1274 2707 idem
1297 2661 1448 2733 prorsus

299 2768 563 2844 argumentum.
591 2748 644 2820 Ad
664 2751 760 2820 litem
785 2766 931 2821 vocetur
945 2748 1019 2844 jam
1039 2751 1183 2823 Statius.
1205 2749 1311 2848 Apud
1329 2775 1444 2847 quem

301 2865 459 2960 Calliope
473 2865 528 2937 his
546 2865 663 2937 verbis
687 2868 874 2936 Lucanum
890 2865 1105 2961 alloquitur:

518 3062 564 3119 Tu
575 3060 658 3118 sedes
669 3060 811 3118 reserabis
820 3052 979 3119 inferorum
993 3081 1001 3131 3

511 3160 649 3234 Ingratus
662 3159 739 3217 Nero
753 3157 887 3216 dulcibus
901 3157 1034 3232 theatris,

509 3260 546 3318 Et
554 3267 652 3318 noster
661 3260 715 3319 tibi
729 3260 892 3335 proferetur
903 3261 1035 3335 Orpheus
1048 3258 1101 3339 (3).

347 3444 488 3515 Primus
512 3442 658 3540 quidem
691 3445 888 3516 versiculus
909 3470 984 3517 rem
1013 3446 1127 3541 aperit
1152 3446 1195 3519 de
1221 3450 1363 3548 Orpheo
1395 3455 1442 3527 ad

333 3651 371 3724 (1)
384 3657 498 3704 Lucanus
506 3655 584 3704 Persii
592 3654 854 3704 carminaemuintom
867 3655 942 3704 inisse
953 3654 1032 3704 videri
1041 3656 1123 3705 lorsan
1138 3660 1239 3718 poterit,
1251 3673 1328 3721 quum
1340 3669 1450 3724 quantor

296 3744 678 3806 postsntyricumpoetamannis
691 3749 773 3803 natus,
783 3743 893 3792 triennio
902 3748 1050 3793 tamencum
1059 3746 1167 3796 virendo
1175 3751 1329 3808 superaverit
1340 3751 1370 3814 (a.
1384 3753 1448 3803 cnr.

294 3831 401 3896 ’ὃὸ-65)
416 3832 470 3894 red,
484 3844 517 3881 ne
527 3833 673 3882 deerremus
682 3836 769 3881 monet
781 3831 807 3880 in
821 3833 870 3880 vita
883 3832 941 3881 Auli
954 3834 1032 3882 Persii
1044 3834 1086 3883 iiie
1100 3835 1235 3885 Suetonius
1244 3839 1286 3899 qni
1298 3851 1348 3887 non
1361 3843 1446 3890 statim

295 3924 321 3972 in
339 3923 439 3984 publico
451 3921 553 3972 venales
566 3927 703 3982 satyrarum
726 3920 802 3969 libros
820 3921 944 3971 exstitisse
959 3927 1042 3971 narrat
1058 3937 1065 3972 ι
1083 3939 1097 3970 «
1109 3925 1141 3974 Et
1151 3938 1205 3974 raro
1216 3931 1241 3975 ct
1255 3928 1324 3978 tarde
1336 3930 1445 3990 scripsit.

293 4014 367 4061 Hunc
379 4012 461 4070 ipsum
473 4009 564 4058 librum
580 4009 755 4069 imperiectunr
766 4008 876 4069 reliquit.
889 4011 982 4058 Versus
994 4011 1071 4072 aliqui
1085 4011 1179 4073 dempti
1197 4019 1256 4064 sunt
1271 4015 1360 4065 ultimo
1372 4017 1445 4067 iibri:

293 4105 318 4148 et
330 4100 400 4161 quasi
413 4099 498 4147 iiniins
509 4102 584 4156 esset,
602 4097 690 4147 ieviter
701 4097 842 4146 retractavit
854 4098 994 4157 Cornutus,
1009 4104 1034 4149 et
1045 4101 1125 4150 Casio
1139 4103 1214 4151 Basso
1227 4105 1337 4165 petenti,
1350 4111 1378 4155 ut
1390 4107 1444 4168 ipse

292 4187 391 4246 ederet,
404 4185 505 4236 tradidit
515 4186 653 4236 edendnm.
667 4201 681 4232 s

327 4273 364 4341 (2)
383 4274 544 4335 Mnrciriand,
567 4275 677 4323 instat.
704 4273 789 4335 Papir.
812 4291 841 4333 n,
861 4274 924 4325 Stir.
944 4294 994 4334 vn,
1011 4275 1061 4335 58,
1079 4290 1125 4340 sqq
1149 4279 1189 4328 ci.
1217 4281 1292 4330 ctiam
1316 4287 1441 4332 vetustum

216 4380 219 4387 ·
256 4378 258 4384 ·
289 4366 347 4415 vita
359 4363 453 4414 Lucani
468 4367 595 4413 auctorem
612 4374 732 4422 3necn0n
745 4366 770 4411 et
781 4374 867 4412 versus
888 4365 1087 4425 quoseanani
1102 4367 1203 4428 Orpheo
1216 4370 1332 4429 servavit,
1343 4371 1374 4420 ad
1386 4371 1444 4419 Vir·

288 4448 585 4516 giiiiGeorg.1v,l95‚
606 4449 708 4500 servius
724 4451 886 4502 Honoratus:
906 4453 1068 4504 »Gaudenta
1084 4455 1138 4506 tuce
1157 4455 1268 4506 relictam
1285 4460 1440 4521 Eurydicen,

281 4544 377 4592 iterum
391 4544 520 4601 sperantes
533 4539 634 4600 Orphea
656 4551 754 4588 manes.

321 4627 358 4693 (5)
377 4628 460 4690 Pupir.
475 4645 501 4676 11.
514 4626 576 4676 silv.
593 4627 745 4686 v11,57-5'i.
