<?xml version="1.0" encoding="UTF-8"?>
<!DOCTYPE html PUBLIC "-//W3C//DTD XHTML 1.0 Transitional//EN"
    "http://www.w3.org/TR/xhtml1/DTD/xhtml1-transitional.dtd">
<html xmlns="http://www.w3.org/1999/xhtml" xml:lang="en" lang="en">
 <head>
  <title>
</title>
<meta http-equiv="Content-Type" content="text/html;charset=utf-8" />
  <meta name='ocr-system' content='tesseract 3.04.00' />
  <meta name='ocr-capabilities' content='ocr_page ocr_carea ocr_par ocr_line ocrx_word'/>
</head>
<body>
  <div class='ocr_page' id='page_1' title='image "./decassioparmens00nicogoog_0032.png"; bbox 0 0 3164 5214; ppageno 0'>
   <div class='ocr_carea' id='block_1_1' title="bbox 661 329 837 391">
    <p class='ocr_par' dir='ltr' id='par_1_1' title="bbox 661 329 837 391">
     <span class='ocr_line' id='line_1_1' title="bbox 661 329 837 391; baseline 0.006 -15"><span class='ocrx_word' id='word_1_1' title='bbox 661 329 837 391; x_wconf 67' lang='lat'>..27-</span> 
     </span>
    </p>
   </div>
   <div class='ocr_carea' id='block_1_2' title="bbox 124 464 1324 1925">
    <p class='ocr_par' dir='ltr' id='par_1_2' title="bbox 175 464 1324 798">
     <span class='ocr_line' id='line_1_2' title="bbox 175 464 1323 565; baseline 0 -30"><span class='ocrx_word' id='word_1_2' title='bbox 175 465 325 536; x_wconf 88' lang='lat' dir='ltr'>centiam</span> <span class='ocrx_word' id='word_1_3' title='bbox 341 489 487 562; x_wconf 85' lang='lat' dir='ltr'>prorsus</span> <span class='ocrx_word' id='word_1_4' title='bbox 505 465 681 538; x_wconf 86' lang='lat' dir='ltr'>oblivione</span> <span class='ocrx_word' id='word_1_5' title='bbox 698 469 919 565; x_wconf 85' lang='lat' dir='ltr'>opprimunt,</span> <span class='ocrx_word' id='word_1_6' title='bbox 935 467 996 539; x_wconf 88' lang='lat' dir='ltr'>ubi</span> <span class='ocrx_word' id='word_1_7' title='bbox 1011 468 1048 538; x_wconf 92' lang='lat' dir='ltr'>in</span> <span class='ocrx_word' id='word_1_8' title='bbox 1065 490 1170 538; x_wconf 85' lang='lat' dir='ltr'>causa</span> <span class='ocrx_word' id='word_1_9' title='bbox 1186 464 1229 538; x_wconf 91' lang='lat' dir='ltr'>de</span> <span class='ocrx_word' id='word_1_10' title='bbox 1244 491 1323 536; x_wconf 84' lang='lat' dir='ltr'>ver-</span> 
     </span>
     <span class='ocr_line' id='line_1_3' title="bbox 176 581 1321 680; baseline 0 -28"><span class='ocrx_word' id='word_1_11' title='bbox 176 581 288 652; x_wconf 86' lang='lat' dir='ltr'>siculo</span> <span class='ocrx_word' id='word_1_12' title='bbox 323 582 434 654; x_wconf 89' lang='lat' dir='ltr'>Cassii</span> <span class='ocrx_word' id='word_1_13' title='bbox 467 581 565 653; x_wconf 86' lang='lat' dir='ltr'>illius</span> <span class='ocrx_word' id='word_1_14' title='bbox 600 582 696 680; x_wconf 84' lang='lat' dir='ltr'>apud</span> <span class='ocrx_word' id='word_1_15' title='bbox 733 585 1016 678; x_wconf 85' lang='lat' dir='ltr'>Quinctiiianum</span> <span class='ocrx_word' id='word_1_16' title='bbox 1050 584 1185 679; x_wconf 74' lang='lat' dir='ltr'>agentis</span> <span class='ocrx_word' id='word_1_17' title='bbox 1225 583 1321 653; x_wconf 86' lang='lat' dir='ltr'>litem</span> 
     </span>
     <span class='ocr_line' id='line_1_4' title="bbox 175 698 1324 798; baseline -0.003 -28"><span class='ocrx_word' id='word_1_18' title='bbox 175 698 375 772; x_wconf 70' lang='lat' dir='ltr'>aestimant?</span> <span class='ocrx_word' id='word_1_19' title='bbox 405 699 477 772; x_wconf 88' lang='lat' dir='ltr'>Nos</span> <span class='ocrx_word' id='word_1_20' title='bbox 507 717 542 771; x_wconf 89' lang='lat' dir='ltr'>et</span> <span class='ocrx_word' id='word_1_21' title='bbox 570 701 740 772; x_wconf 88' lang='lat' dir='ltr'>sententia</span> <span class='ocrx_word' id='word_1_22' title='bbox 767 701 921 798; x_wconf 86' lang='lat' dir='ltr'>pendere</span> <span class='ocrx_word' id='word_1_23' title='bbox 943 699 1176 786; x_wconf 87' lang='lat' dir='ltr'>confitemur,</span> <span class='ocrx_word' id='word_1_24' title='bbox 1205 722 1246 769; x_wconf 90' lang='lat' dir='ltr'>ac</span> <span class='ocrx_word' id='word_1_25' title='bbox 1280 724 1324 768; x_wconf 86' lang='lat' dir='ltr'>ne</span> 
     </span>
    </p>

    <p class='ocr_par' dir='ltr' id='par_1_3' title="bbox 124 812 1324 1026">
     <span class='ocr_line' id='line_1_5' title="bbox 124 812 1324 912; baseline 0 -30"><span class='ocrx_word' id='word_1_26' title='bbox 124 898 129 910; x_wconf 28' lang='grc' dir='ltr'>Ι</span> <span class='ocrx_word' id='word_1_27' title='bbox 176 813 388 909; x_wconf 89' lang='lat' dir='ltr'>scrupulum</span> <span class='ocrx_word' id='word_1_28' title='bbox 408 814 556 910; x_wconf 89' lang='lat' dir='ltr'>quidem</span> <span class='ocrx_word' id='word_1_29' title='bbox 571 813 716 898; x_wconf 86' lang='lat' dir='ltr'>habere,</span> <span class='ocrx_word' id='word_1_30' title='bbox 731 839 803 910; x_wconf 92' lang='lat' dir='ltr'>quo</span> <span class='ocrx_word' id='word_1_31' title='bbox 817 814 946 910; x_wconf 89' lang='lat' dir='ltr'>injecto</span> <span class='ocrx_word' id='word_1_32' title='bbox 965 830 1102 912; x_wconf 89' lang='lat' dir='ltr'>partem</span> <span class='ocrx_word' id='word_1_33' title='bbox 1122 813 1159 882; x_wconf 94' lang='lat' dir='ltr'>in</span> <span class='ocrx_word' id='word_1_34' title='bbox 1176 812 1324 884; x_wconf 85' lang='lat' dir='ltr'>aiteram</span> 
     </span>
     <span class='ocr_line' id='line_1_6' title="bbox 172 925 507 1026; baseline 0 -28"><span class='ocrx_word' id='word_1_35' title='bbox 172 925 353 1020; x_wconf 85' lang='lat' dir='ltr'>judicium</span> <span class='ocrx_word' id='word_1_36' title='bbox 373 949 507 1026; x_wconf 84' lang='lat' dir='ltr'>vergat.</span> 
     </span>
    </p>

    <p class='ocr_par' dir='ltr' id='par_1_4' title="bbox 176 1041 1324 1252">
     <span class='ocr_line' id='line_1_7' title="bbox 225 1041 1324 1140; baseline -0.002 -27"><span class='ocrx_word' id='word_1_37' title='bbox 225 1043 410 1115; x_wconf 82' lang='lat' dir='ltr'>Materiam</span> <span class='ocrx_word' id='word_1_38' title='bbox 427 1068 509 1114; x_wconf 91' lang='lat' dir='ltr'>vero</span> <span class='ocrx_word' id='word_1_39' title='bbox 525 1044 687 1116; x_wconf 90' lang='lat' dir='ltr'>altiorem</span> <span class='ocrx_word' id='word_1_40' title='bbox 707 1061 740 1117; x_wconf 91' lang='lat' dir='ltr'>et</span> <span class='ocrx_word' id='word_1_41' title='bbox 754 1044 964 1140; x_wconf 75' lang='lat' dir='ltr'>conjecture</span> <span class='ocrx_word' id='word_1_42' title='bbox 977 1043 1030 1116; x_wconf 90' lang='lat' dir='ltr'>vel</span> <span class='ocrx_word' id='word_1_43' title='bbox 1051 1041 1227 1140; x_wconf 87' lang='lat' dir='ltr'>praedictis</span> <span class='ocrx_word' id='word_1_44' title='bbox 1243 1066 1324 1139; x_wconf 88' lang='lat' dir='ltr'>pro·</span> 
     </span>
     <span class='ocr_line' id='line_1_8' title="bbox 176 1158 1013 1252; baseline 0.004 -26"><span class='ocrx_word' id='word_1_45' title='bbox 176 1158 311 1252; x_wconf 90' lang='lat' dir='ltr'>piorem</span> <span class='ocrx_word' id='word_1_46' title='bbox 329 1158 516 1232; x_wconf 89' lang='lat' dir='ltr'>Weichert</span> <span class='ocrx_word' id='word_1_47' title='bbox 534 1160 571 1230; x_wconf 92' lang='lat' dir='ltr'>in</span> <span class='ocrx_word' id='word_1_48' title='bbox 589 1160 711 1231; x_wconf 87' lang='lat' dir='ltr'>Cassio</span> <span class='ocrx_word' id='word_1_49' title='bbox 727 1184 792 1231; x_wconf 90' lang='lat' dir='ltr'>suo</span> <span class='ocrx_word' id='word_1_50' title='bbox 806 1159 1013 1231; x_wconf 90' lang='lat' dir='ltr'>elaboravit.</span> 
     </span>
    </p>

    <p class='ocr_par' dir='ltr' id='par_1_5' title="bbox 175 1271 1324 1925">
     <span class='ocr_line' id='line_1_9' title="bbox 225 1271 1321 1372; baseline 0.001 -29"><span class='ocrx_word' id='word_1_51' title='bbox 225 1274 493 1372; x_wconf 80' lang='lat' dir='ltr'>Epigrammata</span> <span class='ocrx_word' id='word_1_52' title='bbox 503 1275 638 1371; x_wconf 88' lang='lat' dir='ltr'>quippe</span> <span class='ocrx_word' id='word_1_53' title='bbox 650 1275 825 1346; x_wconf 87' lang='lat' dir='ltr'>nonnulla</span> <span class='ocrx_word' id='word_1_54' title='bbox 844 1275 881 1346; x_wconf 93' lang='lat' dir='ltr'>in</span> <span class='ocrx_word' id='word_1_55' title='bbox 899 1273 1059 1346; x_wconf 88' lang='lat' dir='ltr'>Suetonii</span> <span class='ocrx_word' id='word_1_56' title='bbox 1070 1271 1246 1370; x_wconf 85' lang='lat' dir='ltr'>Augusto,</span> <span class='ocrx_word' id='word_1_57' title='bbox 1264 1297 1321 1357; x_wconf 79' lang='lat' dir='ltr'>ax,</span> 
     </span>
     <span class='ocr_line' id='line_1_10' title="bbox 175 1388 1324 1489; baseline -0.003 -27"><span class='ocrx_word' id='word_1_58' title='bbox 175 1391 363 1489; x_wconf 75' lang='lat' dir='ltr'>leguntur,</span> <span class='ocrx_word' id='word_1_59' title='bbox 393 1390 624 1462; x_wconf 91' lang='lat' dir='ltr'>triumvirum</span> <span class='ocrx_word' id='word_1_60' title='bbox 653 1390 888 1463; x_wconf 89' lang='lat' dir='ltr'>Octavianum</span> <span class='ocrx_word' id='word_1_61' title='bbox 919 1388 1146 1487; x_wconf 79' lang='lat' dir='ltr'>impetentis,</span> <span class='ocrx_word' id='word_1_62' title='bbox 1173 1388 1324 1458; x_wconf 90' lang='lat' dir='ltr'>summis</span> 
     </span>
     <span class='ocr_line' id='line_1_11' title="bbox 175 1501 1324 1602; baseline -0.003 -24"><span class='ocrx_word' id='word_1_63' title='bbox 175 1506 424 1593; x_wconf 86' lang='lat' dir='ltr'>contumeliis,</span> <span class='ocrx_word' id='word_1_64' title='bbox 461 1531 576 1602; x_wconf 90' lang='lat' dir='ltr'>neque</span> <span class='ocrx_word' id='word_1_65' title='bbox 602 1507 757 1578; x_wconf 90' lang='lat' dir='ltr'>auctoris</span> <span class='ocrx_word' id='word_1_66' title='bbox 790 1530 919 1576; x_wconf 86' lang='lat' dir='ltr'>nomen</span> <span class='ocrx_word' id='word_1_67' title='bbox 950 1504 1188 1601; x_wconf 75' lang='lat' dir='ltr'>praeferentia.</span> <span class='ocrx_word' id='word_1_68' title='bbox 1221 1501 1324 1574; x_wconf 86' lang='lat' dir='ltr'>Unde</span> 
     </span>
     <span class='ocr_line' id='line_1_12' title="bbox 175 1619 1323 1694; baseline -0.004 0"><span class='ocrx_word' id='word_1_69' title='bbox 175 1624 381 1694; x_wconf 90' lang='lat' dir='ltr'>innumeras</span> <span class='ocrx_word' id='word_1_70' title='bbox 395 1621 625 1694; x_wconf 74' lang='lat' dir='ltr'>divinationis</span> <span class='ocrx_word' id='word_1_71' title='bbox 644 1645 747 1693; x_wconf 87' lang='lat' dir='ltr'>ansas</span> <span class='ocrx_word' id='word_1_72' title='bbox 772 1622 925 1694; x_wconf 87' lang='lat' dir='ltr'>retinere</span> <span class='ocrx_word' id='word_1_73' title='bbox 949 1637 1013 1692; x_wconf 90' lang='lat' dir='ltr'>est.</span> <span class='ocrx_word' id='word_1_74' title='bbox 1030 1619 1217 1691; x_wconf 86' lang='lat' dir='ltr'>Weichert</span> <span class='ocrx_word' id='word_1_75' title='bbox 1235 1622 1323 1690; x_wconf 89' lang='lat' dir='ltr'>Par-</span> 
     </span>
     <span class='ocr_line' id='line_1_13' title="bbox 175 1734 1323 1834; baseline -0.005 -24"><span class='ocrx_word' id='word_1_76' title='bbox 175 1738 287 1810; x_wconf 86' lang='lat' dir='ltr'>mensi</span> <span class='ocrx_word' id='word_1_77' title='bbox 304 1738 435 1834; x_wconf 87' lang='lat' dir='ltr'>partim</span> <span class='ocrx_word' id='word_1_78' title='bbox 455 1739 755 1834; x_wconf 78' lang='lat' dir='ltr'>epigrammatum</span> <span class='ocrx_word' id='word_1_79' title='bbox 773 1738 837 1809; x_wconf 92' lang='lat' dir='ltr'>hos</span> <span class='ocrx_word' id='word_1_80' title='bbox 855 1737 995 1808; x_wconf 80' lang='lat' dir='ltr'>aculeos</span> <span class='ocrx_word' id='word_1_81' title='bbox 1009 1734 1137 1807; x_wconf 78' lang='lat' dir='ltr'>tribuit</span> <span class='ocrx_word' id='word_1_82' title='bbox 1158 1735 1224 1830; x_wconf 85' lang='lat' dir='ltr'>(i).</span> <span class='ocrx_word' id='word_1_83' title='bbox 1243 1736 1323 1805; x_wconf 92' lang='lat' dir='ltr'>Jam</span> 
     </span>
     <span class='ocr_line' id='line_1_14' title="bbox 175 1852 572 1925; baseline 0.005 -4"><span class='ocrx_word' id='word_1_84' title='bbox 175 1852 369 1924; x_wconf 81' lang='lat' dir='ltr'>versiculos</span> <span class='ocrx_word' id='word_1_85' title='bbox 390 1853 572 1925; x_wconf 90' lang='lat' dir='ltr'>habeatis:</span> 
     </span>
    </p>
   </div>
   <div class='ocr_carea' id='block_1_3' title="bbox 739 2080 765 2137">
    <p class='ocr_par' dir='ltr' id='par_1_6' title="bbox 739 2080 765 2137">
     <span class='ocr_line' id='line_1_15' title="bbox 739 2080 765 2137; baseline 0.038 -1"><span class='ocrx_word' id='word_1_86' title='bbox 739 2080 765 2137; x_wconf 88' lang='lat'>1.</span> 
     </span>
    </p>
   </div>
   <div class='ocr_carea' id='block_1_4' title="bbox 275 2287 1178 2468">
    <p class='ocr_par' dir='ltr' id='par_1_7' title="bbox 275 2287 1178 2468">
     <span class='ocr_line' id='line_1_16' title="bbox 275 2287 1178 2377; baseline -0.002 -29"><span class='ocrx_word' id='word_1_87' title='bbox 275 2291 373 2363; x_wconf 82' lang='lat' dir='ltr'>Quum</span> <span class='ocrx_word' id='word_1_88' title='bbox 384 2292 512 2377; x_wconf 86' lang='lat' dir='ltr'>primum</span> <span class='ocrx_word' id='word_1_89' title='bbox 522 2293 646 2350; x_wconf 86' lang='lat' dir='ltr'>istorum</span> <span class='ocrx_word' id='word_1_90' title='bbox 657 2292 801 2351; x_wconf 88' lang='lat' dir='ltr'>conduxit</span> <span class='ocrx_word' id='word_1_91' title='bbox 812 2306 916 2349; x_wconf 88' lang='lat' dir='ltr'>mensa</span> <span class='ocrx_word' id='word_1_92' title='bbox 929 2291 1101 2366; x_wconf 76' lang='lat' dir='ltr'>choragium</span> <span class='ocrx_word' id='word_1_93' title='bbox 1120 2287 1178 2366; x_wconf 75' lang='lat' dir='ltr'>(a),</span> 
     </span>
     <span class='ocr_line' id='line_1_17' title="bbox 329 2386 1017 2468; baseline -0.004 -22"><span class='ocrx_word' id='word_1_94' title='bbox 329 2386 444 2463; x_wconf 84' lang='lat' dir='ltr'>Sexque</span> <span class='ocrx_word' id='word_1_95' title='bbox 459 2386 529 2446; x_wconf 89' lang='lat' dir='ltr'>deos</span> <span class='ocrx_word' id='word_1_96' title='bbox 540 2388 615 2447; x_wconf 85' lang='lat' dir='ltr'>vidit</span> <span class='ocrx_word' id='word_1_97' title='bbox 628 2388 729 2448; x_wconf 87' lang='lat' dir='ltr'>Mallia</span> <span class='ocrx_word' id='word_1_98' title='bbox 747 2386 790 2468; x_wconf 84' lang='lat'>(3)</span> <span class='ocrx_word' id='word_1_99' title='bbox 802 2403 913 2462; x_wconf 83' lang='lat' dir='ltr'>sexque</span> <span class='ocrx_word' id='word_1_100' title='bbox 928 2386 1017 2444; x_wconf 90' lang='lat' dir='ltr'>deas:</span> 
     </span>
    </p>
   </div>
   <div class='ocr_carea' id='block_1_5' title="bbox 173 2623 1325 4732">
    <p class='ocr_par' dir='ltr' id='par_1_8' title="bbox 212 2623 523 2689">
     <span class='ocr_line' id='line_1_18' title="bbox 212 2623 523 2689; baseline 0.013 -15"><span class='ocrx_word' id='word_1_101' title='bbox 212 2623 247 2689; x_wconf 89' lang='lat'>(1)</span> <span class='ocrx_word' id='word_1_102' title='bbox 267 2627 406 2689; x_wconf 86' lang='lat' dir='ltr'>Weicbert,</span> <span class='ocrx_word' id='word_1_103' title='bbox 419 2641 445 2689; x_wconf 90' lang='lat' dir='ltr'>p.</span> <span class='ocrx_word' id='word_1_104' title='bbox 460 2627 523 2678; x_wconf 72' lang='lat'>275.</span> 
     </span>
    </p>

    <p class='ocr_par' dir='ltr' id='par_1_9' title="bbox 174 2707 1325 3386">
     <span class='ocr_line' id='line_1_19' title="bbox 212 2707 1325 2779; baseline 0.002 -19"><span class='ocrx_word' id='word_1_105' title='bbox 212 2711 248 2779; x_wconf 76' lang='lat'>(2)</span> <span class='ocrx_word' id='word_1_106' title='bbox 266 2716 389 2773; x_wconf 84' lang='lat' dir='ltr'>Correxit,</span> <span class='ocrx_word' id='word_1_107' title='bbox 403 2729 460 2765; x_wconf 90' lang='lat' dir='ltr'>cum</span> <span class='ocrx_word' id='word_1_108' title='bbox 471 2715 603 2766; x_wconf 79' lang='lat' dir='ltr'>casaubon</span> <span class='ocrx_word' id='word_1_109' title='bbox 616 2719 641 2765; x_wconf 88' lang='lat' dir='ltr'>et</span> <span class='ocrx_word' id='word_1_110' title='bbox 649 2717 787 2774; x_wconf 89' lang='lat' dir='ltr'>Burmann,</span> <span class='ocrx_word' id='word_1_111' title='bbox 797 2716 836 2765; x_wconf 85' lang='lat' dir='ltr'>ct.</span> <span class='ocrx_word' id='word_1_112' title='bbox 852 2715 983 2765; x_wconf 87' lang='lat' dir='ltr'>Weichert</span> <span class='ocrx_word' id='word_1_113' title='bbox 995 2712 1031 2778; x_wconf 92' lang='lat' dir='ltr'>(p.</span> <span class='ocrx_word' id='word_1_114' title='bbox 1045 2711 1183 2777; x_wconf 76' lang='lat' dir='ltr'>tis-279)</span> <span class='ocrx_word' id='word_1_115' title='bbox 1193 2707 1325 2764; x_wconf 79' lang='lat' dir='ltr'>etcboro-</span> 
     </span>
     <span class='ocr_line' id='line_1_20' title="bbox 175 2797 1322 2869; baseline -0.003 -18"><span class='ocrx_word' id='word_1_116' title='bbox 175 2798 254 2866; x_wconf 70' lang='lat' dir='ltr'>pium</span> <span class='ocrx_word' id='word_1_117' title='bbox 267 2816 311 2864; x_wconf 88' lang='lat' dir='ltr'>per</span> <span class='ocrx_word' id='word_1_118' title='bbox 326 2801 450 2866; x_wconf 76' lang='grc' dir='ltr'><strong>συνίζησιν,</strong></span> <span class='ocrx_word' id='word_1_119' title='bbox 466 2817 517 2852; x_wconf 91' lang='lat' dir='ltr'>non</span> <span class='ocrx_word' id='word_1_120' title='bbox 531 2799 683 2869; x_wconf 72' lang='lat' dir='ltr'>cborapum</span> <span class='ocrx_word' id='word_1_121' title='bbox 697 2804 805 2864; x_wconf 75' lang='lat' dir='ltr'>scripsit.</span> <span class='ocrx_word' id='word_1_122' title='bbox 816 2803 883 2852; x_wconf 84' lang='lat' dir='ltr'>Dixit</span> <span class='ocrx_word' id='word_1_123' title='bbox 895 2808 921 2852; x_wconf 87' lang='lat' dir='ltr'>et</span> <span class='ocrx_word' id='word_1_124' title='bbox 931 2803 1046 2859; x_wconf 89' lang='lat' dir='ltr'>Ovidius,</span> <span class='ocrx_word' id='word_1_125' title='bbox 1065 2797 1176 2853; x_wconf 81' lang='lat' dir='ltr'>ueram.</span> <span class='ocrx_word' id='word_1_126' title='bbox 1190 2821 1233 2863; x_wconf 85' lang='lat' dir='ltr'>xv,</span> <span class='ocrx_word' id='word_1_127' title='bbox 1251 2801 1303 2848; x_wconf 82' lang='grc'>718</span> <span class='ocrx_word' id='word_1_128' title='bbox 1316 2815 1322 2849; x_wconf 90' lang='lat'><strong>:</strong></span> 
     </span>
     <span class='ocr_line' id='line_1_21' title="bbox 178 2888 1322 2955; baseline -0.003 -13"><span class='ocrx_word' id='word_1_129' title='bbox 178 2912 189 2934; x_wconf 74' lang='lat' dir='ltr'>c</span> <span class='ocrx_word' id='word_1_130' title='bbox 205 2895 237 2943; x_wconf 85' lang='lat' dir='ltr'>Et</span> <span class='ocrx_word' id='word_1_131' title='bbox 250 2895 323 2944; x_wconf 87' lang='lat' dir='ltr'>teitus</span> <span class='ocrx_word' id='word_1_132' title='bbox 332 2895 426 2944; x_wconf 81' lang='lat' dir='ltr'>circen</span> <span class='ocrx_word' id='word_1_133' title='bbox 440 2899 466 2944; x_wconf 87' lang='lat' dir='ltr'>et</span> <span class='ocrx_word' id='word_1_134' title='bbox 483 2894 556 2955; x_wconf 84' lang='lat' dir='ltr'>spissi</span> <span class='ocrx_word' id='word_1_135' title='bbox 570 2895 659 2944; x_wconf 85' lang='lat' dir='ltr'>littoris</span> <span class='ocrx_word' id='word_1_136' title='bbox 675 2894 791 2943; x_wconf 81' lang='lat' dir='ltr'>Antium.</span> <span class='ocrx_word' id='word_1_137' title='bbox 806 2913 817 2936; x_wconf 79' lang='grc' dir='ltr'><strong>ι</strong></span> <span class='ocrx_word' id='word_1_138' title='bbox 832 2893 872 2944; x_wconf 82' lang='lat' dir='ltr'>ct.</span> <span class='ocrx_word' id='word_1_139' title='bbox 887 2895 1010 2955; x_wconf 84' lang='lat' dir='ltr'>Wagner,</span> <span class='ocrx_word' id='word_1_140' title='bbox 1028 2893 1055 2942; x_wconf 91' lang='lat' dir='ltr'>in</span> <span class='ocrx_word' id='word_1_141' title='bbox 1072 2892 1161 2954; x_wconf 81' lang='lat' dir='ltr'>virgil.</span> <span class='ocrx_word' id='word_1_142' title='bbox 1179 2888 1244 2941; x_wconf 79' lang='lat' dir='ltr'>AEo.</span> <span class='ocrx_word' id='word_1_143' title='bbox 1260 2911 1279 2948; x_wconf 87' lang='lat'>1,</span> <span class='ocrx_word' id='word_1_144' title='bbox 1296 2892 1322 2947; x_wconf 74' lang='lat'>2:</span> 
     </span>
     <span class='ocr_line' id='line_1_22' title="bbox 174 2978 1323 3047; baseline -0.001 -17"><span class='ocrx_word' id='word_1_145' title='bbox 174 2999 210 3041; x_wconf 83' lang='lat' dir='ltr'>vr,</span> <span class='ocrx_word' id='word_1_146' title='bbox 226 2982 270 3034; x_wconf 78' lang='lat'>55.</span> <span class='ocrx_word' id='word_1_147' title='bbox 291 2986 368 3033; x_wconf 83' lang='lat' dir='ltr'>tiano</span> <span class='ocrx_word' id='word_1_148' title='bbox 380 2985 465 3045; x_wconf 87' lang='lat' dir='ltr'>scripti</span> <span class='ocrx_word' id='word_1_149' title='bbox 480 2983 679 3033; x_wconf 88' lang='lat' dir='ltr'>etiamsuetonii</span> <span class='ocrx_word' id='word_1_150' title='bbox 694 2984 791 3034; x_wconf 89' lang='lat' dir='ltr'>codices</span> <span class='ocrx_word' id='word_1_151' title='bbox 807 2981 917 3047; x_wconf 85' lang='lat' dir='ltr'>(Weictr.</span> <span class='ocrx_word' id='word_1_152' title='bbox 935 2997 960 3044; x_wconf 93' lang='lat' dir='ltr'>p.</span> <span class='ocrx_word' id='word_1_153' title='bbox 977 2981 1039 3047; x_wconf 74' lang='lat'>279)</span> <span class='ocrx_word' id='word_1_154' title='bbox 1056 2978 1242 3047; x_wconf 75' lang='lat' dir='ltr'>ebersapium</span> <span class='ocrx_word' id='word_1_155' title='bbox 1254 2994 1323 3029; x_wconf 90' lang='lat' dir='ltr'>non-</span> 
     </span>
     <span class='ocr_line' id='line_1_23' title="bbox 176 3068 1322 3135; baseline -0.001 -16"><span class='ocrx_word' id='word_1_156' title='bbox 176 3072 239 3121; x_wconf 89' lang='lat' dir='ltr'>nutti</span> <span class='ocrx_word' id='word_1_157' title='bbox 256 3073 405 3135; x_wconf 60' lang='lat' dir='ltr'>preferant·</span> <span class='ocrx_word' id='word_1_158' title='bbox 425 3074 493 3123; x_wconf 88' lang='lat' dir='ltr'>unde</span> <span class='ocrx_word' id='word_1_159' title='bbox 513 3085 600 3122; x_wconf 87' lang='lat' dir='ltr'>reram</span> <span class='ocrx_word' id='word_1_160' title='bbox 614 3073 749 3123; x_wconf 91' lang='lat' dir='ltr'>tectionem</span> <span class='ocrx_word' id='word_1_161' title='bbox 769 3073 827 3122; x_wconf 89' lang='lat' dir='ltr'>iicet</span> <span class='ocrx_word' id='word_1_162' title='bbox 844 3073 987 3122; x_wconf 85' lang='lat' dir='ltr'>extrudere.</span> <span class='ocrx_word' id='word_1_163' title='bbox 1011 3074 1066 3122; x_wconf 81' lang='lat' dir='ltr'>Vox</span> <span class='ocrx_word' id='word_1_164' title='bbox 1086 3068 1215 3128; x_wconf 77' lang='lat' dir='ltr'>istorum,</span> <span class='ocrx_word' id='word_1_165' title='bbox 1235 3071 1322 3132; x_wconf 84' lang='lat' dir='ltr'>inqua</span> 
     </span>
     <span class='ocr_line' id='line_1_24' title="bbox 174 3160 1323 3220; baseline -0.001 -12"><span class='ocrx_word' id='word_1_166' title='bbox 174 3161 246 3209; x_wconf 84' lang='lat' dir='ltr'>inuiti</span> <span class='ocrx_word' id='word_1_167' title='bbox 260 3162 417 3220; x_wconf 75' lang='lat' dir='ltr'>haesitavere,</span> <span class='ocrx_word' id='word_1_168' title='bbox 430 3161 533 3211; x_wconf 74' lang='lat' dir='ltr'>forsitan</span> <span class='ocrx_word' id='word_1_169' title='bbox 546 3166 706 3211; x_wconf 90' lang='lat' dir='ltr'>enumeratos</span> <span class='ocrx_word' id='word_1_170' title='bbox 720 3161 747 3210; x_wconf 89' lang='lat' dir='ltr'>in</span> <span class='ocrx_word' id='word_1_171' title='bbox 762 3161 970 3211; x_wconf 87' lang='lat' dir='ltr'>antecedentibus</span> <span class='ocrx_word' id='word_1_172' title='bbox 987 3161 1104 3210; x_wconf 86' lang='lat' dir='ltr'>homines</span> <span class='ocrx_word' id='word_1_173' title='bbox 1119 3160 1276 3220; x_wconf 78' lang='lat' dir='ltr'>attingebat,</span> <span class='ocrx_word' id='word_1_174' title='bbox 1295 3163 1323 3207; x_wconf 92' lang='lat' dir='ltr'>ut</span> 
     </span>
     <span class='ocr_line' id='line_1_25' title="bbox 174 3247 1322 3315; baseline -0.001 -19"><span class='ocrx_word' id='word_1_175' title='bbox 174 3249 313 3310; x_wconf 86' lang='lat' dir='ltr'>suspicatur</span> <span class='ocrx_word' id='word_1_176' title='bbox 326 3250 456 3300; x_wconf 82' lang='lat' dir='ltr'>Wcicisert</span> <span class='ocrx_word' id='word_1_177' title='bbox 468 3247 505 3315; x_wconf 92' lang='lat' dir='ltr'>(p.</span> <span class='ocrx_word' id='word_1_178' title='bbox 517 3247 595 3314; x_wconf 75' lang='lat'><strong>279);</strong></span> <span class='ocrx_word' id='word_1_179' title='bbox 611 3263 658 3300; x_wconf 91' lang='lat' dir='ltr'>nec</span> <span class='ocrx_word' id='word_1_180' title='bbox 673 3255 753 3300; x_wconf 86' lang='lat' dir='ltr'>totam</span> <span class='ocrx_word' id='word_1_181' title='bbox 766 3250 921 3311; x_wconf 77' lang='lat' dir='ltr'>epigramma</span> <span class='ocrx_word' id='word_1_182' title='bbox 936 3263 964 3298; x_wconf 90' lang='lat' dir='ltr'>se</span> <span class='ocrx_word' id='word_1_183' title='bbox 977 3249 1070 3300; x_wconf 85' lang='lat' dir='ltr'>reterre</span> <span class='ocrx_word' id='word_1_184' title='bbox 1086 3248 1223 3299; x_wconf 86' lang='lat' dir='ltr'>Suetonius</span> <span class='ocrx_word' id='word_1_185' title='bbox 1243 3247 1322 3309; x_wconf 90' lang='lat' dir='ltr'>proii-</span> 
     </span>
     <span class='ocr_line' id='line_1_26' title="bbox 174 3342 250 3386; baseline -0.013 0"><span class='ocrx_word' id='word_1_186' title='bbox 174 3342 250 3386; x_wconf 88' lang='lat' dir='ltr'>tetur.</span> 
     </span>
    </p>

    <p class='ocr_par' dir='ltr' id='par_1_10' title="bbox 173 3423 1321 4732">
     <span class='ocr_line' id='line_1_27' title="bbox 210 3423 1321 3490; baseline 0.001 -16"><span class='ocrx_word' id='word_1_187' title='bbox 210 3425 245 3489; x_wconf 77' lang='lat'>(5)</span> <span class='ocrx_word' id='word_1_188' title='bbox 264 3426 330 3488; x_wconf 78' lang='lat' dir='ltr'>Aug.</span> <span class='ocrx_word' id='word_1_189' title='bbox 346 3429 475 3478; x_wconf 85' lang='lat' dir='ltr'>Weicbcrt</span> <span class='ocrx_word' id='word_1_190' title='bbox 488 3427 524 3490; x_wconf 83' lang='lat' dir='ltr'>(p.</span> <span class='ocrx_word' id='word_1_191' title='bbox 540 3428 600 3490; x_wconf 72' lang='lat'>280)</span> <span class='ocrx_word' id='word_1_192' title='bbox 618 3428 694 3490; x_wconf 89' lang='lat' dir='ltr'>prius,</span> <span class='ocrx_word' id='word_1_193' title='bbox 713 3441 770 3477; x_wconf 92' lang='lat' dir='ltr'>cum</span> <span class='ocrx_word' id='word_1_194' title='bbox 783 3429 894 3484; x_wconf 87' lang='lat' dir='ltr'>Ernesti,</span> <span class='ocrx_word' id='word_1_195' title='bbox 910 3428 957 3477; x_wconf 89' lang='lat' dir='ltr'>sub</span> <span class='ocrx_word' id='word_1_196' title='bbox 971 3427 1061 3477; x_wconf 85' lang='lat' dir='ltr'>Matiiae</span> <span class='ocrx_word' id='word_1_197' title='bbox 1079 3427 1199 3477; x_wconf 87' lang='lat' dir='ltr'>vocabulo</span> <span class='ocrx_word' id='word_1_198' title='bbox 1221 3423 1321 3475; x_wconf 84' lang='lat' dir='ltr'>latitare</span> 
     </span>
     <span class='ocr_line' id='line_1_28' title="bbox 174 3515 1320 3574; baseline 0.002 -12"><span class='ocrx_word' id='word_1_199' title='bbox 174 3515 270 3564; x_wconf 84' lang='lat' dir='ltr'>Liviam</span> <span class='ocrx_word' id='word_1_200' title='bbox 281 3515 429 3574; x_wconf 86' lang='lat' dir='ltr'>crediderat,</span> <span class='ocrx_word' id='word_1_201' title='bbox 442 3519 577 3567; x_wconf 84' lang='lat' dir='ltr'>etcredere</span> <span class='ocrx_word' id='word_1_202' title='bbox 588 3530 640 3566; x_wconf 91' lang='lat' dir='ltr'>non</span> <span class='ocrx_word' id='word_1_203' title='bbox 655 3522 708 3566; x_wconf 89' lang='lat' dir='ltr'>erat</span> <span class='ocrx_word' id='word_1_204' title='bbox 717 3517 850 3567; x_wconf 91' lang='lat' dir='ltr'>absonum.</span> <span class='ocrx_word' id='word_1_205' title='bbox 865 3519 921 3565; x_wconf 90' lang='lat' dir='ltr'>Duo</span> <span class='ocrx_word' id='word_1_206' title='bbox 934 3517 1003 3565; x_wconf 91' lang='lat' dir='ltr'>enim</span> <span class='ocrx_word' id='word_1_207' title='bbox 1017 3517 1069 3565; x_wconf 80' lang='lat' dir='ltr'>heo</span> <span class='ocrx_word' id='word_1_208' title='bbox 1082 3517 1187 3566; x_wconf 89' lang='lat' dir='ltr'>nomina</span> <span class='ocrx_word' id='word_1_209' title='bbox 1202 3516 1320 3564; x_wconf 86' lang='lat' dir='ltr'>eumdem</span> 
     </span>
     <span class='ocr_line' id='line_1_29' title="bbox 174 3603 1320 3672; baseline 0.002 -21"><span class='ocrx_word' id='word_1_210' title='bbox 174 3603 324 3664; x_wconf 77' lang='lat' dir='ltr'>syliabarum</span> <span class='ocrx_word' id='word_1_211' title='bbox 344 3610 369 3654; x_wconf 89' lang='lat' dir='ltr'>et</span> <span class='ocrx_word' id='word_1_212' title='bbox 386 3619 519 3655; x_wconf 88' lang='lat' dir='ltr'>nnmerum</span> <span class='ocrx_word' id='word_1_213' title='bbox 537 3611 562 3656; x_wconf 89' lang='lat' dir='ltr'>et</span> <span class='ocrx_word' id='word_1_214' title='bbox 578 3604 661 3672; x_wconf 75' lang='grc' dir='ltr'>ῥυθμόν</span> <span class='ocrx_word' id='word_1_215' title='bbox 681 3607 824 3656; x_wconf 82' lang='lat' dir='ltr'>absolvunt.</span> <span class='ocrx_word' id='word_1_216' title='bbox 848 3608 915 3664; x_wconf 89' lang='lat' dir='ltr'>Quas</span> <span class='ocrx_word' id='word_1_217' title='bbox 937 3606 1003 3667; x_wconf 84' lang='lat' dir='ltr'>teges</span> <span class='ocrx_word' id='word_1_218' title='bbox 1021 3607 1046 3654; x_wconf 93' lang='lat' dir='ltr'>in</span> <span class='ocrx_word' id='word_1_219' title='bbox 1067 3605 1240 3668; x_wconf 84' lang='lat' dir='ltr'>permutandis</span> <span class='ocrx_word' id='word_1_220' title='bbox 1260 3618 1320 3666; x_wconf 87' lang='lat' dir='ltr'>par-</span> 
     </span>
     <span class='ocr_line' id='line_1_30' title="bbox 173 3677 1321 3760; baseline 0 -16"><span class='ocrx_word' id='word_1_221' title='bbox 173 3696 242 3744; x_wconf 90' lang='lat' dir='ltr'>sonis</span> <span class='ocrx_word' id='word_1_222' title='bbox 256 3698 404 3760; x_wconf 83' lang='lat' dir='ltr'>pierumque</span> <span class='ocrx_word' id='word_1_223' title='bbox 414 3699 524 3748; x_wconf 84' lang='lat' dir='ltr'>sanxisse</span> <span class='ocrx_word' id='word_1_224' title='bbox 535 3699 650 3748; x_wconf 81' lang='lat' dir='ltr'>homines</span> <span class='ocrx_word' id='word_1_225' title='bbox 661 3698 751 3748; x_wconf 85' lang='lat' dir='ltr'>latinos</span> <span class='ocrx_word' id='word_1_226' title='bbox 764 3702 936 3747; x_wconf 85' lang='lat' dir='ltr'>contestantur</span> <span class='ocrx_word' id='word_1_227' title='bbox 946 3698 1034 3747; x_wconf 88' lang='lat' dir='ltr'>critici.</span> <span class='ocrx_word' id='word_1_228' title='bbox 1046 3698 1087 3748; x_wconf 87' lang='lat' dir='ltr'>ci.</span> <span class='ocrx_word' id='word_1_229' title='bbox 1102 3677 1212 3755; x_wconf 77' lang='lat' dir='ltr'>Bentlei,</span> <span class='ocrx_word' id='word_1_230' title='bbox 1226 3697 1252 3744; x_wconf 93' lang='lat' dir='ltr'>in</span> <span class='ocrx_word' id='word_1_231' title='bbox 1265 3699 1321 3745; x_wconf 88' lang='lat' dir='ltr'>Ho-</span> 
     </span>
     <span class='ocr_line' id='line_1_31' title="bbox 174 3779 1319 3847; baseline 0.001 -18"><span class='ocrx_word' id='word_1_232' title='bbox 174 3788 221 3832; x_wconf 87' lang='lat' dir='ltr'>rat.</span> <span class='ocrx_word' id='word_1_233' title='bbox 230 3786 264 3842; x_wconf 85' lang='lat'>11,</span> <span class='ocrx_word' id='word_1_234' title='bbox 273 3779 365 3835; x_wconf 81' lang='lat' dir='ltr'>Corm.</span> <span class='ocrx_word' id='word_1_235' title='bbox 378 3803 424 3844; x_wconf 84' lang='lat'>111,</span> <span class='ocrx_word' id='word_1_236' title='bbox 440 3785 489 3844; x_wconf 76' lang='lat'>153</span> <span class='ocrx_word' id='word_1_237' title='bbox 501 3786 630 3836; x_wconf 88' lang='lat' dir='ltr'>Weichert</span> <span class='ocrx_word' id='word_1_238' title='bbox 644 3786 718 3836; x_wconf 87' lang='lat' dir='ltr'>etiam</span> <span class='ocrx_word' id='word_1_239' title='bbox 727 3785 832 3847; x_wconf 81' lang='lat' dir='ltr'>Augusti</span> <span class='ocrx_word' id='word_1_240' title='bbox 842 3786 967 3846; x_wconf 91' lang='lat' dir='ltr'>proposito</span> <span class='ocrx_word' id='word_1_241' title='bbox 983 3785 1081 3833; x_wconf 79' lang='lat' dir='ltr'>favebat</span> <span class='ocrx_word' id='word_1_242' title='bbox 1091 3785 1191 3834; x_wconf 84' lang='lat' dir='ltr'>Ernesti</span> <span class='ocrx_word' id='word_1_243' title='bbox 1206 3783 1319 3832; x_wconf 79' lang='lat' dir='ltr'>effatum.</span> 
     </span>
     <span class='ocr_line' id='line_1_32' title="bbox 173 3872 1321 3936; baseline 0.001 -16"><span class='ocrx_word' id='word_1_244' title='bbox 173 3872 257 3929; x_wconf 90' lang='lat' dir='ltr'>Quum</span> <span class='ocrx_word' id='word_1_245' title='bbox 266 3873 335 3921; x_wconf 89' lang='lat' dir='ltr'>enim</span> <span class='ocrx_word' id='word_1_246' title='bbox 345 3873 387 3923; x_wconf 89' lang='lat' dir='ltr'>iiie</span> <span class='ocrx_word' id='word_1_247' title='bbox 398 3879 453 3935; x_wconf 87' lang='lat' dir='ltr'>posi</span> <span class='ocrx_word' id='word_1_248' title='bbox 464 3876 527 3923; x_wconf 89' lang='lat' dir='ltr'>a.U.</span> <span class='ocrx_word' id='word_1_249' title='bbox 535 3876 565 3924; x_wconf 85' lang='lat' dir='ltr'>c.</span> <span class='ocrx_word' id='word_1_250' title='bbox 576 3874 627 3922; x_wconf 84' lang='lat'>718</span> <span class='ocrx_word' id='word_1_251' title='bbox 638 3875 790 3936; x_wconf 85' lang='lat' dir='ltr'>epigramma</span> <span class='ocrx_word' id='word_1_252' title='bbox 802 3875 910 3923; x_wconf 81' lang='lat' dir='ltr'>effictum</span> <span class='ocrx_word' id='word_1_253' title='bbox 919 3880 1053 3932; x_wconf 87' lang='lat' dir='ltr'>asseveret,</span> <span class='ocrx_word' id='word_1_254' title='bbox 1062 3873 1244 3935; x_wconf 78' lang='lat' dir='ltr'>miraquadarn</span> <span class='ocrx_word' id='word_1_255' title='bbox 1255 3873 1321 3921; x_wconf 84' lang='lat' dir='ltr'>oric·</span> 
     </span>
     <span class='ocr_line' id='line_1_33' title="bbox 174 3959 1321 4023; baseline 0 -15"><span class='ocrx_word' id='word_1_256' title='bbox 174 3959 247 4009; x_wconf 89' lang='lat' dir='ltr'>batur</span> <span class='ocrx_word' id='word_1_257' title='bbox 264 3973 349 4010; x_wconf 85' lang='lat' dir='ltr'>rerum</span> <span class='ocrx_word' id='word_1_258' title='bbox 373 3966 399 4011; x_wconf 91' lang='lat' dir='ltr'>et</span> <span class='ocrx_word' id='word_1_259' title='bbox 415 3964 548 4012; x_wconf 81' lang='lat' dir='ltr'>sententie</span> <span class='ocrx_word' id='word_1_260' title='bbox 564 3963 707 4013; x_wconf 84' lang='lat' dir='ltr'>concordia.</span> <span class='ocrx_word' id='word_1_261' title='bbox 724 3964 801 4013; x_wconf 81' lang='lat' dir='ltr'>Anno</span> <span class='ocrx_word' id='word_1_262' title='bbox 822 3965 891 4012; x_wconf 86' lang='lat' dir='ltr'>enim</span> <span class='ocrx_word' id='word_1_263' title='bbox 912 3965 944 4013; x_wconf 83' lang='lat' dir='ltr'>U.</span> <span class='ocrx_word' id='word_1_264' title='bbox 967 3965 997 4013; x_wconf 89' lang='lat' dir='ltr'>c.</span> <span class='ocrx_word' id='word_1_265' title='bbox 1016 3961 1082 4023; x_wconf 81' lang='lat'>7¹6,</span> <span class='ocrx_word' id='word_1_266' title='bbox 1100 3974 1202 4012; x_wconf 85' lang='lat' dir='ltr'>uxorem</span> <span class='ocrx_word' id='word_1_267' title='bbox 1217 3961 1321 4010; x_wconf 88' lang='lat' dir='ltr'>abduxit</span> 
     </span>
     <span class='ocr_line' id='line_1_34' title="bbox 173 4050 1321 4116; baseline 0.002 -18"><span class='ocrx_word' id='word_1_268' title='bbox 173 4050 273 4098; x_wconf 90' lang='lat' dir='ltr'>Livium</span> <span class='ocrx_word' id='word_1_269' title='bbox 294 4051 425 4108; x_wconf 81' lang='lat' dir='ltr'>Octavius,</span> <span class='ocrx_word' id='word_1_270' title='bbox 449 4051 468 4098; x_wconf 89' lang='lat' dir='ltr'>si</span> <span class='ocrx_word' id='word_1_271' title='bbox 486 4052 630 4100; x_wconf 89' lang='lat' dir='ltr'>testimonio</span> <span class='ocrx_word' id='word_1_272' title='bbox 646 4052 723 4102; x_wconf 91' lang='lat' dir='ltr'>Dion.</span> <span class='ocrx_word' id='word_1_273' title='bbox 741 4053 821 4102; x_wconf 85' lang='lat' dir='ltr'>Cassii</span> <span class='ocrx_word' id='word_1_274' title='bbox 842 4050 938 4115; x_wconf 72' lang='lat' dir='ltr'>(xxviii,</span> <span class='ocrx_word' id='word_1_275' title='bbox 961 4052 1007 4116; x_wconf 71' lang='grc'>45)</span> <span class='ocrx_word' id='word_1_276' title='bbox 1028 4058 1137 4101; x_wconf 89' lang='lat' dir='ltr'>utamur.</span> <span class='ocrx_word' id='word_1_277' title='bbox 1159 4051 1282 4100; x_wconf 80' lang='lat' dir='ltr'>Novimus</span> <span class='ocrx_word' id='word_1_278' title='bbox 1294 4056 1321 4100; x_wconf 89' lang='lat' dir='ltr'>et</span> 
     </span>
     <span class='ocr_line' id='line_1_35' title="bbox 174 4137 1317 4204; baseline 0.002 -18"><span class='ocrx_word' id='word_1_279' title='bbox 174 4150 229 4198; x_wconf 76' lang='lat' dir='ltr'>quae</span> <span class='ocrx_word' id='word_1_280' title='bbox 245 4137 323 4187; x_wconf 90' lang='lat' dir='ltr'>nimia</span> <span class='ocrx_word' id='word_1_281' title='bbox 337 4138 410 4187; x_wconf 84' lang='lat' dir='ltr'>inerit</span> <span class='ocrx_word' id='word_1_282' title='bbox 420 4137 496 4188; x_wconf 85' lang='lat' dir='ltr'>Livia</span> <span class='ocrx_word' id='word_1_283' title='bbox 508 4139 535 4188; x_wconf 90' lang='lat' dir='ltr'>in</span> <span class='ocrx_word' id='word_1_284' title='bbox 550 4141 667 4189; x_wconf 85' lang='lat' dir='ltr'>maritum</span> <span class='ocrx_word' id='word_1_285' title='bbox 679 4141 783 4190; x_wconf 85' lang='lat' dir='ltr'>comitas</span> <span class='ocrx_word' id='word_1_286' title='bbox 794 4141 884 4204; x_wconf 81' lang='lat' dir='ltr'>(Tacit.</span> <span class='ocrx_word' id='word_1_287' title='bbox 901 4139 975 4191; x_wconf 74' lang='lat' dir='ltr'>Anat.</span> <span class='ocrx_word' id='word_1_288' title='bbox 991 4160 1017 4198; x_wconf 87' lang='lat' dir='ltr'>v,</span> <span class='ocrx_word' id='word_1_289' title='bbox 1032 4143 1044 4187; x_wconf 88' lang='lat'>1</span> <span class='ocrx_word' id='word_1_290' title='bbox 1057 4154 1064 4199; x_wconf 92' lang='lat'>;</span> <span class='ocrx_word' id='word_1_291' title='bbox 1076 4142 1109 4191; x_wconf 91' lang='lat' dir='ltr'>D.</span> <span class='ocrx_word' id='word_1_292' title='bbox 1125 4139 1235 4199; x_wconf 84' lang='lat' dir='ltr'>cassius,</span> <span class='ocrx_word' id='word_1_293' title='bbox 1248 4157 1317 4196; x_wconf 79' lang='lat' dir='ltr'>avrn,</span> 
     </span>
     <span class='ocr_line' id='line_1_36' title="bbox 173 4223 1319 4293; baseline 0.003 -22"><span class='ocrx_word' id='word_1_294' title='bbox 173 4224 200 4283; x_wconf 75' lang='lat'>2,</span> <span class='ocrx_word' id='word_1_295' title='bbox 214 4226 285 4275; x_wconf 89' lang='lat' dir='ltr'>Suet.</span> <span class='ocrx_word' id='word_1_296' title='bbox 298 4223 372 4290; x_wconf 72' lang='lat' dir='ltr'>Auy.</span> <span class='ocrx_word' id='word_1_297' title='bbox 385 4225 437 4286; x_wconf 82' lang='grc' dir='ltr'>Ἡ).</span> <span class='ocrx_word' id='word_1_298' title='bbox 449 4227 507 4276; x_wconf 92' lang='lat' dir='ltr'>Non</span> <span class='ocrx_word' id='word_1_299' title='bbox 526 4232 610 4277; x_wconf 84' lang='lat' dir='ltr'>tamen</span> <span class='ocrx_word' id='word_1_300' title='bbox 626 4229 652 4277; x_wconf 90' lang='lat' dir='ltr'>tn</span> <span class='ocrx_word' id='word_1_301' title='bbox 670 4229 753 4290; x_wconf 89' lang='lat' dir='ltr'>priore</span> <span class='ocrx_word' id='word_1_302' title='bbox 764 4229 860 4290; x_wconf 78' lang='lat' dir='ltr'>iudicio</span> <span class='ocrx_word' id='word_1_303' title='bbox 873 4229 942 4279; x_wconf 90' lang='lat' dir='ltr'>stetit</span> <span class='ocrx_word' id='word_1_304' title='bbox 959 4231 1097 4287; x_wconf 86' lang='lat' dir='ltr'>Weicbert,</span> <span class='ocrx_word' id='word_1_305' title='bbox 1114 4241 1198 4290; x_wconf 86' lang='lat' dir='ltr'>neque</span> <span class='ocrx_word' id='word_1_306' title='bbox 1215 4224 1319 4293; x_wconf 77' lang='grc' dir='ltr'><strong>ἀλληγο-</strong></span> 
     </span>
     <span class='ocr_line' id='line_1_37' title="bbox 174 4310 1318 4380; baseline 0.004 -20"><span class='ocrx_word' id='word_1_307' title='bbox 174 4310 234 4380; x_wconf 75' lang='grc' dir='ltr'>ρίαις</span> <span class='ocrx_word' id='word_1_308' title='bbox 249 4318 348 4375; x_wconf 88' lang='lat' dir='ltr'>poetam</span> <span class='ocrx_word' id='word_1_309' title='bbox 371 4315 480 4365; x_wconf 84' lang='lat' dir='ltr'>locutum</span> <span class='ocrx_word' id='word_1_310' title='bbox 499 4329 553 4366; x_wconf 85' lang='lat' dir='ltr'>essa</span> <span class='ocrx_word' id='word_1_311' title='bbox 574 4317 679 4368; x_wconf 80' lang='lat' dir='ltr'>ulterius</span> <span class='ocrx_word' id='word_1_312' title='bbox 698 4319 839 4368; x_wconf 85' lang='lat' dir='ltr'>contendit.</span> <span class='ocrx_word' id='word_1_313' title='bbox 856 4320 909 4369; x_wconf 88' lang='lat' dir='ltr'>Nec</span> <span class='ocrx_word' id='word_1_314' title='bbox 929 4319 999 4369; x_wconf 86' lang='lat' dir='ltr'>enim</span> <span class='ocrx_word' id='word_1_315' title='bbox 1015 4318 1099 4367; x_wconf 85' lang='lat' dir='ltr'>verbis</span> <span class='ocrx_word' id='word_1_316' title='bbox 1116 4319 1194 4367; x_wconf 87' lang='lat' dir='ltr'>atium</span> <span class='ocrx_word' id='word_1_317' title='bbox 1215 4330 1318 4367; x_wconf 88' lang='lat' dir='ltr'>sensum</span> 
     </span>
     <span class='ocr_line' id='line_1_38' title="bbox 173 4403 1320 4469; baseline 0.003 -19"><span class='ocrx_word' id='word_1_318' title='bbox 173 4415 251 4464; x_wconf 82' lang='lat' dir='ltr'>qnam</span> <span class='ocrx_word' id='word_1_319' title='bbox 263 4415 396 4464; x_wconf 80' lang='lat' dir='ltr'>quenrpre</span> <span class='ocrx_word' id='word_1_320' title='bbox 404 4416 430 4454; x_wconf 90' lang='lat' dir='ltr'>se</span> <span class='ocrx_word' id='word_1_321' title='bbox 438 4403 532 4458; x_wconf 89' lang='lat' dir='ltr'>ierunt,</span> <span class='ocrx_word' id='word_1_322' title='bbox 542 4405 755 4462; x_wconf 85' lang='lat' dir='ltr'>habentibus.aut</span> <span class='ocrx_word' id='word_1_323' title='bbox 767 4406 896 4456; x_wconf 87' lang='lat' dir='ltr'>involucro</span> <span class='ocrx_word' id='word_1_324' title='bbox 904 4407 1024 4469; x_wconf 83' lang='lat' dir='ltr'>quodam,</span> <span class='ocrx_word' id='word_1_325' title='bbox 1033 4407 1167 4462; x_wconf 79' lang='lat' dir='ltr'>cesarem,</span> <span class='ocrx_word' id='word_1_326' title='bbox 1179 4405 1223 4455; x_wconf 85' lang='lat' dir='ltr'>sed</span> <span class='ocrx_word' id='word_1_327' title='bbox 1233 4409 1320 4466; x_wconf 85' lang='lat' dir='ltr'>aperto</span> 
     </span>
     <span class='ocr_line' id='line_1_39' title="bbox 174 4492 1318 4559; baseline 0.005 -20"><span class='ocrx_word' id='word_1_328' title='bbox 174 4496 201 4540; x_wconf 89' lang='lat' dir='ltr'>et</span> <span class='ocrx_word' id='word_1_329' title='bbox 221 4493 321 4553; x_wconf 85' lang='lat' dir='ltr'>proprio</span> <span class='ocrx_word' id='word_1_330' title='bbox 344 4492 464 4542; x_wconf 87' lang='lat' dir='ltr'>vocabulo</span> <span class='ocrx_word' id='word_1_331' title='bbox 482 4493 604 4555; x_wconf 58' lang='lat' dir='ltr'>designas</span> <span class='ocrx_word' id='word_1_332' title='bbox 619 4507 664 4544; x_wconf 91' lang='lat' dir='ltr'>cur</span> <span class='ocrx_word' id='word_1_333' title='bbox 674 4507 726 4544; x_wconf 93' lang='lat' dir='ltr'>non</span> <span class='ocrx_word' id='word_1_334' title='bbox 742 4498 768 4544; x_wconf 90' lang='lat' dir='ltr'>et</span> <span class='ocrx_word' id='word_1_335' title='bbox 778 4495 875 4546; x_wconf 86' lang='lat' dir='ltr'>Liviam</span> <span class='ocrx_word' id='word_1_336' title='bbox 894 4496 1068 4559; x_wconf 80' lang='lat' dir='ltr'>designasset?</span> <span class='ocrx_word' id='word_1_337' title='bbox 1081 4497 1187 4547; x_wconf 83' lang='lat' dir='ltr'>constat</span> <span class='ocrx_word' id='word_1_338' title='bbox 1206 4495 1318 4556; x_wconf 79' lang='lat' dir='ltr'>alioquin</span> 
     </span>
     <span class='ocr_line' id='line_1_40' title="bbox 173 4578 1319 4652; baseline 0.005 -26"><span class='ocrx_word' id='word_1_339' title='bbox 173 4582 200 4627; x_wconf 91' lang='lat' dir='ltr'>et</span> <span class='ocrx_word' id='word_1_340' title='bbox 213 4578 326 4628; x_wconf 78' lang='lat' dir='ltr'>libertam</span> <span class='ocrx_word' id='word_1_341' title='bbox 339 4578 415 4630; x_wconf 87' lang='lat' dir='ltr'>inisse</span> <span class='ocrx_word' id='word_1_342' title='bbox 427 4580 548 4631; x_wconf 84' lang='lat' dir='ltr'>Mattiam.</span> <span class='ocrx_word' id='word_1_343' title='bbox 562 4582 602 4632; x_wconf 85' lang='lat' dir='ltr'>ci.</span> <span class='ocrx_word' id='word_1_344' title='bbox 617 4580 750 4644; x_wconf 72' lang='lat' dir='ltr'>Grnytere,</span> <span class='ocrx_word' id='word_1_345' title='bbox 765 4579 891 4652; x_wconf 81' lang='lat' dir='ltr'>inscript.</span> <span class='ocrx_word' id='word_1_346' title='bbox 903 4583 964 4646; x_wconf 72' lang='grc'><strong>984,</strong></span> <span class='ocrx_word' id='word_1_347' title='bbox 980 4583 1007 4633; x_wconf 75' lang='lat'>2.</span> <span class='ocrx_word' id='word_1_348' title='bbox 1021 4585 1059 4635; x_wconf 87' lang='lat' dir='ltr'>Sit</span> <span class='ocrx_word' id='word_1_349' title='bbox 1069 4583 1144 4646; x_wconf 76' lang='lat' dir='ltr'>igitur</span> <span class='ocrx_word' id='word_1_350' title='bbox 1156 4582 1267 4633; x_wconf 89' lang='lat' dir='ltr'>moribus</span> <span class='ocrx_word' id='word_1_351' title='bbox 1280 4581 1319 4632; x_wconf 87' lang='lat' dir='ltr'>ia·</span> 
     </span>
     <span class='ocr_line' id='line_1_41' title="bbox 173 4665 872 4732; baseline 0.01 -16"><span class='ocrx_word' id='word_1_352' title='bbox 173 4665 274 4716; x_wconf 87' lang='lat' dir='ltr'>cittimis</span> <span class='ocrx_word' id='word_1_353' title='bbox 297 4667 415 4730; x_wconf 85' lang='lat' dir='ltr'>insignita</span> <span class='ocrx_word' id='word_1_354' title='bbox 428 4671 582 4731; x_wconf 84' lang='lat' dir='ltr'>pantomima</span> <span class='ocrx_word' id='word_1_355' title='bbox 595 4671 710 4732; x_wconf 81' lang='lat' dir='ltr'>quedam</span> <span class='ocrx_word' id='word_1_356' title='bbox 725 4671 766 4722; x_wconf 90' lang='lat' dir='ltr'>itta</span> <span class='ocrx_word' id='word_1_357' title='bbox 780 4673 872 4723; x_wconf 81' lang='lat' dir='ltr'>Mattio.</span> 
     </span>
    </p>
   </div>
   <div class='ocr_carea' id='block_1_6' title="bbox 0 0 1586 5214">
    <p class='ocr_par' dir='ltr' id='par_1_11' title="bbox 0 0 1586 5214">
     <span class='ocr_line' id='line_1_42' title="bbox 0 0 1586 5214; baseline 0 0"><span class='ocrx_word' id='word_1_358' title='bbox 0 0 1586 5214; x_wconf 95' lang='lat' dir='ltr'> </span> 
     </span>
    </p>
   </div>
  </div>
 </body>
</html>
