3164 5214
708 364 882 430 ..50-

222 507 303 595 tuit,
328 503 563 592 Alexandria,
584 505 615 575 si
643 505 719 575 viro
744 505 947 578 doctissimo
969 504 1076 578 fidem
1104 505 1276 604 adjungas
1297 509 1370 604 (l),

221 620 397 695 Antonius
415 619 576 716 degebat,
599 617 721 716 ibique
741 620 908 692 nuntium
924 619 1127 716 epularum,
1141 645 1220 717 quse
1233 621 1374 719 passim

220 733 545 832 destringebantur,
557 734 779 806 scenicarum
791 734 939 832 accepit,
960 750 994 806 et
1010 735 1136 807 litteris
1148 750 1294 833 propter
1309 759 1372 807 eas

222 851 423 949 Apollinem
446 873 578 920 novum
602 850 741 947 egregie
762 850 953 922 incessivit.
978 850 1063 942 Qua>
1084 849 1159 922 lere
1173 851 1210 921 in
1230 876 1373 925 annum

220 967 266 1040 U.
288 969 330 1037 C.
352 989 503 1037 nccxvur
520 963 696 1035 incidunt.
715 965 826 1061 Atqui
843 992 884 1037 ex
903 963 1103 1038 litterarum
1126 968 1372 1041 monumentis

220 1080 450 1154 exhausimus
473 1079 509 1151 id
536 1081 703 1176 temporis
729 1083 892 1154 Cassium
911 1083 1016 1153 etiam
1030 1084 1255 1154 Parmensem
1278 1083 1373 1156 Ale-

219 1198 377 1270 xandriae
400 1195 496 1293 apud
523 1197 718 1267 Antonium
742 1197 869 1269 vixisse
894 1197 961 1293 (2).
990 1197 1110 1289 Quum
1137 1196 1183 1267 ab
1211 1198 1373 1295 AEgypto

219 1312 505 1405 Alexandriaque
530 1310 575 1381 ad
601 1312 775 1383 Caesarem
793 1312 1026 1385 Octavianum
1050 1312 1217 1409 epistolas
1246 1313 1374 1384 immi-

219 1429 305 1501 serit
323 1429 373 1499 Μ.
394 1425 583 1513 Antonius,
603 1451 673 1497 non
692 1427 837 1498 omnino
851 1427 1048 1499 absurdum
1063 1427 1130 1499 erit
1142 1427 1173 1498 si
1189 1426 1373 1499 existime-

220 1563 279 1616 tur
294 1560 330 1615 et
342 1542 485 1614 Cassius
496 1565 582 1629 uua,
600 1541 785 1613 familiaris
799 1557 877 1613 tum
889 1542 1057 1630 Antonii,
1075 1566 1140 1639 pro
1154 1557 1282 1613 natura
1300 1566 1371 1614 sua

218 1657 417 1753 studiisque
448 1657 523 1728 suis
559 1657 598 1727 in
637 1654 803 1728 eumdem
840 1680 1136 1754 communemque
1178 1656 1371 1728 inimicum

218 1773 370 1846 disticha
393 1772 589 1843 intorsisse.
613 1775 764 1845 Romam
787 1797 871 1843 cum
895 1772 981 1870 ipsis
1003 1771 1076 1843 lere
1096 1771 1241 1844 Antonii
1266 1772 1370 1869 epis-

219 1891 312 1972 tolis,
333 1904 395 1959 aut
411 1911 473 1983 per
490 1888 710 1958 occasionem
731 1887 888 1983 aliquam
904 1887 1086 1959 devenisse
1104 1911 1227 1958 versus
1244 1887 1368 1958 credi-

219 2006 290 2077 bile
305 2017 357 2076 est
374 2003 441 2098 (3).
462 2004 629 2089 Carmen,
649 2003 726 2098 ipso
743 2019 877 2090 tenore,
890 2000 966 2097 jam
984 2019 1018 2075 et
1046 2003 1311 2074 amarulentum
1331 2019 1388 2076 et⁴

215 2120 298 2190 odio
311 2120 496 2190 incensum
515 2134 654 2213 poetam
672 2117 862 2214 significat.

265 2235 445 2306 Posterius
457 2249 574 2304 autem
589 2232 807 2329 epigramma
817 2233 998 2304 Parmensi
1009 2233 1115 2306 etiam
1131 2232 1243 2304 tribui
1263 2256 1369 2328 posse

217 2349 310 2421 idem
322 2349 510 2422 Weichert
518 2348 830 2444 persuasissimum
838 2347 946 2419 habet
960 2348 1028 2444 (ίι).
1040 2351 1080 2420 ln
1088 2348 1256 2420 siciliensi
1271 2348 1368 2419 bello

216 2466 381 2536 Cassium
397 2480 559 2534 nostrum
577 2465 681 2534 Sexto
702 2463 870 2558 Pompeio
886 2463 1165 2534 commilitonem
1179 2461 1288 2534 luisse
1305 2487 1369 2535 ac·

216 2578 377 2674 cepimus
394 2577 461 2672 (5).
483 2579 578 2647 Tum
593 2576 785 2648 Octaviano
799 2601 837 2647 re
850 2578 967 2649 navali
980 2578 1096 2650 exciso
1106 2602 1283 2649 summam
1299 2603 1368 2674 per
1455 2607 1457 2611 ’

216 2693 408 2791 ignaviam,
432 2692 679 2788 ignaviamque
699 2715 763 2787 per
782 2715 959 2763 summam
978 2694 1033 2764 vel
1053 2692 1149 2789 apud
1164 2691 1278 2788 lllylas
1295 2695 1368 2763 vic-

216 2810 298 2897 tori,
332 2808 493 2880 versibus
514 2806 791 2879 mordacissimis
816 2807 971 2879 illusisse
988 2824 1126 2904 poetam
1152 2806 1240 2903 quid
1265 2806 1367 2878 verie-

216 2922 398 2999 similius?
418 2923 552 2996 Urbem
569 2924 717 2993 Romam
734 2921 894 3015 qualibet
916 2923 971 2993 via
991 2922 1165 3018 (nondum
1184 2923 1278 2994 enim
1302 2947 1367 3018 pe-

215 3046 326 3118 rierat
338 3040 453 3112 omnis
469 3040 608 3110 ltaliam
628 3039 719 3110 inter
735 3056 769 3110 et
786 3038 942 3109 Siciliam
959 3021 1245 3111 communicandi
1257 3038 1365 3134 ratio)

214 3151 1360 3249 devenereversiculi,etdoctrinaetiraodioquevereCassiani(b).

263 3273 345 3343 Haec
364 3270 436 3341 lere
455 3267 654 3340 Weicbert.
678 3267 818 3360 Quibus
840 3292 937 3339 nuuc
955 3269 1094 3341 obviam
1108 3268 1182 3364 jam
1202 3268 1363 3341 eundum

213 3403 278 3458 cst.
301 3389 390 3458 Tota
412 3385 480 3456 viri
503 3382 696 3455 doctissimi
716 3409 758 3454 ex
782 3408 823 3455 eo
851 3383 1044 3481 disputatio
1066 3385 1242 3457 conllatur
1264 3383 1363 3481 quod

212 3502 332 3573 omnia
354 3525 433 3595 qnae
457 3499 533 3571 istis
558 3498 824 3596 epigrammatis
845 3514 1061 3596 tanguntur,
1083 3499 1263 3571 Actiacam
1289 3523 1361 3595 pu-

212 3638 318 3711 gnam
342 3613 605 3700 antecesserint,
640 3638 723 3684 cum
750 3611 869 3683 adbuc
906 3615 1039 3686 viveret
1072 3615 1216 3687 Cassius
1241 3629 1361 3687 noster

212 3730 427 3816 Parmensis,
455 3727 623 3825 quodque
648 3727 888 3798 infensissima
911 3728 948 3798 in
981 3728 1214 3801 Octavianum
1249 3729 1362 3800 animi

212 3844 447 3916 concitatione
464 3844 623 3915 invectus
643 3842 765 3914 fuerit.
787 3845 827 3912 ln
844 3858 1031 3939 utramque
1048 3869 1124 3916 rem
1142 3868 1251 3941 quam
1270 3867 1362 3916 vana

212 3976 246 4030 et
259 3959 373 4031 aliena
390 3959 435 4031 sit
453 3957 653 4058 probaturi,
669 3957 892 4055 paucissimis
908 3958 1146 4032 intendemus.

250 4216 286 4289 (1)
306 4220 345 4270 cl.
359 4220 504 4275 Weicbert‚
519 4232 545 4280 p.
561 4217 692 4267 are-277.

249 4310 284 4374 (A)
303 4309 343 4359 cl.
358 4309 467 4370 Appiau.
486 4303 586 4373 Ἐμφυλ.
600 4319 626 4369 v,
641 4304 707 4366 l59;
723 4307 819 4357 Weicb.
835 4321 860 4369 p.
875 4306 1006 4357 atr-uta.

247 4397 282 4463 (ὅ)
301 4396 447 4457 Welchert,
464 4410 489 4458 p.
504 4397 565 4444 277.

247 4495 282 4559 (a)
301 4495 339 4544 u.
356 4507 382 4555 ρ.
397 4492 461 4543 ssa.

249 4579 283 4650 (5)
302 4584 342 4633 cl.
355 4582 466 4643 Appian.
480 4575 500 4630 l.
516 4595 541 4631 c.

248 4669 280 4735 (6)
300 4671 340 4722 cl.
355 4671 455 4723 Weicb.
470 4665 489 4720 l.
506 4683 529 4720 c.
